<?xml version = "1.0" encoding = "UTF-8"?><record>
  <leader>02834nas#a2200781#ca4500</leader>
  <controlfield tag="005">20210109200921.0</controlfield>
  <controlfield tag="007">tu</controlfield>
  <controlfield tag="008">991120m19869999gw#m|#p#######|####|ger#c</controlfield>
  <controlfield tag="001">990054118360206441</controlfield>
  <datafield tag="015" ind1=" " ind2=" ">
    <subfield code="a">86,A28,0289</subfield>
    <subfield code="2">dnb</subfield>
  </datafield>
  <datafield tag="016" ind1="7" ind2=" ">
    <subfield code="a">01362119X</subfield>
    <subfield code="2">DE-101b</subfield>
  </datafield>
  <datafield tag="016" ind1="7" ind2=" ">
    <subfield code="a">626229-6</subfield>
    <subfield code="2">DE-600</subfield>
  </datafield>
  <datafield tag="016" ind1="7" ind2=" ">
    <subfield code="a">961372611</subfield>
    <subfield code="2">OCoLC</subfield>
  </datafield>
  <datafield tag="022" ind1=" " ind2=" ">
    <subfield code="a">0930-0597</subfield>
    <subfield code="0">(uri) http://worldcat.org/issn/0930-0597</subfield>
  </datafield>
  <datafield tag="022" ind1=" " ind2=" ">
    <subfield code="y">0930-0599</subfield>
  </datafield>
  <datafield tag="022" ind1=" " ind2=" ">
    <subfield code="a">0930-0597</subfield>
    <subfield code="2">6</subfield>
    <subfield code="0">(uri) http://worldcat.org/issn/0930-0597</subfield>
  </datafield>
  <datafield tag="035" ind1=" " ind2=" ">
    <subfield code="a">(DE-605)HT002142583</subfield>
  </datafield>
  <datafield tag="035" ind1=" " ind2=" ">
    <subfield code="a">(DE-600)626229-6</subfield>
  </datafield>
  <datafield tag="035" ind1=" " ind2=" ">
    <subfield code="a">(OCoLC)961372611</subfield>
    <subfield code="0">(uri) http://www.worldcat.org/oclc/961372611</subfield>
  </datafield>
  <datafield tag="035" ind1=" " ind2=" ">
    <subfield code="a">(DE-599)ZDB626229-6</subfield>
  </datafield>
  <datafield tag="040" ind1=" " ind2=" ">
    <subfield code="a">9001</subfield>
    <subfield code="b">ger</subfield>
    <subfield code="c">DNB</subfield>
    <subfield code="d">9001</subfield>
  </datafield>
  <datafield tag="041" ind1=" " ind2=" ">
    <subfield code="a">ger</subfield>
  </datafield>
  <datafield tag="044" ind1=" " ind2=" ">
    <subfield code="c">XA-DE</subfield>
  </datafield>
  <datafield tag="084" ind1=" " ind2=" ">
    <subfield code="a">3,2</subfield>
    <subfield code="2">ssgn</subfield>
  </datafield>
  <datafield tag="084" ind1=" " ind2=" ">
    <subfield code="a">330</subfield>
    <subfield code="q">DE-600</subfield>
    <subfield code="2">zdbs</subfield>
  </datafield>
  <datafield tag="084" ind1=" " ind2=" ">
    <subfield code="a">17</subfield>
    <subfield code="a">330</subfield>
    <subfield code="a">380</subfield>
    <subfield code="a">650</subfield>
    <subfield code="a">670</subfield>
    <subfield code="a">10.11f</subfield>
    <subfield code="q">DE-101</subfield>
    <subfield code="2">sdnb</subfield>
  </datafield>
  <datafield tag="084" ind1=" " ind2=" ">
    <subfield code="a">QA 10000</subfield>
    <subfield code="2">rvk</subfield>
  </datafield>
  <datafield tag="222" ind1=" " ind2="0">
    <subfield code="a">Bilanz &amp; Buchhaltung</subfield>
  </datafield>
  <datafield tag="245" ind1="0" ind2="0">
    <subfield code="a">Bilanz + Buchhaltung</subfield>
    <subfield code="b">die Zeitschrift f&#252;r Buchhaltung und Rechnungswesen</subfield>
  </datafield>
  <datafield tag="246" ind1="3" ind2=" ">
    <subfield code="a">Bilanz und Buchhaltung</subfield>
  </datafield>
  <datafield tag="246" ind1="3" ind2=" ">
    <subfield code="a">Bilanz plus Buchhaltung</subfield>
  </datafield>
  <datafield tag="247" ind1="0" ind2="0">
    <subfield code="a">Bilanz &amp; Buchhaltung</subfield>
    <subfield code="f">Hauptsacht. bis 2008,4</subfield>
  </datafield>
  <datafield tag="247" ind1="0" ind2="0">
    <subfield code="a">Zeitschrift f&#252;r Rechnungswesen und Steuern</subfield>
    <subfield code="f">Zusatz anfangs</subfield>
  </datafield>
  <datafield tag="264" ind1="3" ind2="1">
    <subfield code="a">Freiburg</subfield>
    <subfield code="b">Haufe</subfield>
    <subfield code="c">1986-</subfield>
  </datafield>
  <datafield tag="264" ind1="2" ind2="1">
    <subfield code="a">Wiesbaden</subfield>
    <subfield code="b">Gabler</subfield>
    <subfield code="c">1986-1999</subfield>
  </datafield>
  <datafield tag="264" ind1="2" ind2="1">
    <subfield code="a">Offenburg</subfield>
    <subfield code="b">Verl. Praktisches Wissen</subfield>
    <subfield code="c">2000-2007</subfield>
  </datafield>
  <datafield tag="264" ind1="2" ind2="1">
    <subfield code="a">W&#252;rzburg</subfield>
    <subfield code="b">Haufe</subfield>
    <subfield code="c">2008-2010</subfield>
  </datafield>
  <datafield tag="264" ind1="2" ind2="1">
    <subfield code="a">Freiburg</subfield>
    <subfield code="b">Haufe-Lexware</subfield>
    <subfield code="c">fr&#252;her</subfield>
  </datafield>
  <datafield tag="300" ind1=" " ind2=" ">
    <subfield code="c">30 cm</subfield>
  </datafield>
  <datafield tag="336" ind1=" " ind2=" ">
    <subfield code="b">txt</subfield>
  </datafield>
  <datafield tag="337" ind1=" " ind2=" ">
    <subfield code="b">n</subfield>
  </datafield>
  <datafield tag="338" ind1=" " ind2=" ">
    <subfield code="b">nc</subfield>
  </datafield>
  <datafield tag="362" ind1="0" ind2=" ">
    <subfield code="a">32.1986 -</subfield>
  </datafield>
  <datafield tag="363" ind1="0" ind2="1">
    <subfield code="8">1.1\x</subfield>
    <subfield code="i">1986</subfield>
  </datafield>
  <datafield tag="500" ind1=" " ind2=" ">
    <subfield code="a">Repr.: Bad Feilnbach : Schmidt Periodicals</subfield>
    <subfield code="9">F:501</subfield>
  </datafield>
  <datafield tag="515" ind1=" " ind2=" ">
    <subfield code="a">Ersch. monatl.</subfield>
  </datafield>
  <datafield tag="583" ind1="1" ind2=" ">
    <subfield code="a">Archivierung/Langzeitarchivierung gew&#228;hrleistet</subfield>
    <subfield code="f">PEBW</subfield>
    <subfield code="5">DE-31</subfield>
    <subfield code="2">pdager</subfield>
  </datafield>
  <datafield tag="591" ind1=" " ind2=" ">
    <subfield code="a">464!Kopie18!(21-06-06)</subfield>
  </datafield>
  <datafield tag="655" ind1=" " ind2="7">
    <subfield code="a">Zeitschrift</subfield>
    <subfield code="0">(DE-588)4067488-5</subfield>
    <subfield code="2">gnd-content</subfield>
    <subfield code="0">(uri) https://portal.dnb.de/opac.htm?method=simpleSearch&amp;cqlMode=true&amp;query=idn=040674886</subfield>
    <subfield code="0">(uri) http://viaf.org/viaf/sourceID/DNB|040674886</subfield>
    <subfield code="B">GND-040674886</subfield>
  </datafield>
  <datafield tag="689" ind1="0" ind2="0">
    <subfield code="a">Bilanz</subfield>
    <subfield code="D">s</subfield>
    <subfield code="0">(DE-588)4006566-2</subfield>
    <subfield code="0">(uri) https://portal.dnb.de/opac.htm?method=simpleSearch&amp;cqlMode=true&amp;query=idn=040065669</subfield>
    <subfield code="0">(uri) http://viaf.org/viaf/sourceID/DNB|040065669</subfield>
    <subfield code="B">GND-040065669</subfield>
  </datafield>
  <datafield tag="689" ind1="0" ind2="1">
    <subfield code="a">Zeitschrift</subfield>
    <subfield code="A">f</subfield>
    <subfield code="0">(uri) https://portal.dnb.de/opac.htm?method=simpleSearch&amp;cqlMode=true&amp;query=idn=040674886</subfield>
    <subfield code="0">(uri) http://viaf.org/viaf/sourceID/DNB|040674886</subfield>
  </datafield>
  <datafield tag="689" ind1="0" ind2=" ">
    <subfield code="5">DNB</subfield>
  </datafield>
  <datafield tag="689" ind1="1" ind2="0">
    <subfield code="a">Buchf&#252;hrung</subfield>
    <subfield code="D">s</subfield>
    <subfield code="0">(DE-588)4008619-7</subfield>
    <subfield code="0">(uri) https://portal.dnb.de/opac.htm?method=simpleSearch&amp;cqlMode=true&amp;query=idn=040086194</subfield>
    <subfield code="0">(uri) http://viaf.org/viaf/sourceID/DNB|040086194</subfield>
    <subfield code="B">GND-040086194</subfield>
  </datafield>
  <datafield tag="689" ind1="1" ind2="1">
    <subfield code="a">Zeitschrift</subfield>
    <subfield code="A">f</subfield>
    <subfield code="0">(uri) https://portal.dnb.de/opac.htm?method=simpleSearch&amp;cqlMode=true&amp;query=idn=040674886</subfield>
    <subfield code="0">(uri) http://viaf.org/viaf/sourceID/DNB|040674886</subfield>
  </datafield>
  <datafield tag="689" ind1="1" ind2=" ">
    <subfield code="5">DNB</subfield>
  </datafield>
  <datafield tag="689" ind1="2" ind2="0">
    <subfield code="a">Rechnungswesen</subfield>
    <subfield code="D">s</subfield>
    <subfield code="0">(DE-588)4048732-5</subfield>
    <subfield code="0">(uri) https://portal.dnb.de/opac.htm?method=simpleSearch&amp;cqlMode=true&amp;query=idn=040487326</subfield>
    <subfield code="0">(uri) http://viaf.org/viaf/sourceID/DNB|040487326</subfield>
  </datafield>
  <datafield tag="689" ind1="2" ind2="1">
    <subfield code="a">Zeitschrift</subfield>
    <subfield code="D">s</subfield>
    <subfield code="0">(DE-588)4067488-5</subfield>
    <subfield code="0">(uri) https://portal.dnb.de/opac.htm?method=simpleSearch&amp;cqlMode=true&amp;query=idn=040674886</subfield>
    <subfield code="0">(uri) http://viaf.org/viaf/sourceID/DNB|040674886</subfield>
  </datafield>
  <datafield tag="689" ind1="2" ind2=" ">
    <subfield code="5">ZDB</subfield>
  </datafield>
  <datafield tag="689" ind1="3" ind2="0">
    <subfield code="a">Rechnungswesen</subfield>
    <subfield code="D">s</subfield>
    <subfield code="0">(DE-588)4048732-5</subfield>
    <subfield code="0">(uri) https://portal.dnb.de/opac.htm?method=simpleSearch&amp;cqlMode=true&amp;query=idn=040487326</subfield>
    <subfield code="0">(uri) http://viaf.org/viaf/sourceID/DNB|040487326</subfield>
  </datafield>
  <datafield tag="689" ind1="3" ind2="1">
    <subfield code="a">Zeitschrift</subfield>
    <subfield code="A">f</subfield>
    <subfield code="0">(uri) https://portal.dnb.de/opac.htm?method=simpleSearch&amp;cqlMode=true&amp;query=idn=040674886</subfield>
    <subfield code="0">(uri) http://viaf.org/viaf/sourceID/DNB|040674886</subfield>
  </datafield>
  <datafield tag="689" ind1="3" ind2=" ">
    <subfield code="5">ZDB</subfield>
  </datafield>
  <datafield tag="770" ind1="0" ind2="8">
    <subfield code="i">Beil.:</subfield>
    <subfield code="t">Bilanz &amp; Buchhaltung / Spezial-Ausgabe</subfield>
    <subfield code="d">Offenburg : Verl. Praktisches Wissen, 2002-</subfield>
    <subfield code="w">(DE-605)HT014720057</subfield>
  </datafield>
  <datafield tag="770" ind1="0" ind2="8">
    <subfield code="i">Beil.:</subfield>
    <subfield code="t">Fachwissen B&#252;cher</subfield>
    <subfield code="d">Freiburg, Br. : Haufe Lexware, 2012-</subfield>
    <subfield code="w">(DE-605)HT017465297</subfield>
  </datafield>
  <datafield tag="780" ind1="0" ind2="0">
    <subfield code="i">CD-ROM-Ausg. 2003 - 2008 u. Vorg.</subfield>
    <subfield code="t">Bilanz &amp; Buchhaltung</subfield>
    <subfield code="d">Offenburg : Verl. Praktisches Wissen, 2004-2008</subfield>
    <subfield code="h">CD-ROMs</subfield>
    <subfield code="w">(DE-605)HT013984252</subfield>
  </datafield>
  <datafield tag="780" ind1="0" ind2="0">
    <subfield code="i">Vorg.:</subfield>
    <subfield code="t">Bilanz- &amp; Buchhaltungspraxis</subfield>
    <subfield code="d">Wiesbaden : Betriebswirtschaftlicher Verlag Gabler, 1955-1985</subfield>
    <subfield code="x">0006-2359</subfield>
    <subfield code="w">(DE-605)HT002185091</subfield>
  </datafield>
  <datafield tag="964" ind1="0" ind2="s">
    <subfield code="F">030</subfield>
    <subfield code="A">a||u|||||||37</subfield>
  </datafield>
  <datafield tag="964" ind1="0" ind2="s">
    <subfield code="F">050</subfield>
    <subfield code="A">a|a|||||||||||</subfield>
  </datafield>
  <datafield tag="964" ind1="0" ind2="s">
    <subfield code="F">052</subfield>
    <subfield code="A">p||||||am||||||</subfield>
  </datafield>
  <datafield tag="MBD" ind1=" " ind2=" ">
    <subfield code="M">49HBZ_NETWORK</subfield>
    <subfield code="i">990054118360206441</subfield>
    <subfield code="n">HBZ Network</subfield>
  </datafield>
  <datafield tag="MBD" ind1=" " ind2=" ">
    <subfield code="M">49HBZ_FHA</subfield>
    <subfield code="i">991001357239706444</subfield>
    <subfield code="n">Fachhochschule Aachen</subfield>
  </datafield>
  <datafield tag="500" ind1=" " ind2=" ">
    <subfield code="a">Repr.: Bad Feilnbach : Schmidt Periodicals</subfield>
    <subfield code="9">F:501</subfield>
    <subfield code="M">49HBZ_FHA</subfield>
  </datafield>
  <datafield tag="980" ind1="1" ind2=" ">
    <subfield code="e">HBZ</subfield>
    <subfield code="9">LOCAL</subfield>
    <subfield code="M">49HBZ_FHA</subfield>
  </datafield>
  <datafield tag="981" ind1=" " ind2=" ">
    <subfield code="a">(A96)35187</subfield>
    <subfield code="9">LOCAL</subfield>
    <subfield code="M">49HBZ_FHA</subfield>
  </datafield>
  <datafield tag="997" ind1=" " ind2=" ">
    <subfield code="a">19900205</subfield>
    <subfield code="9">LOCAL</subfield>
    <subfield code="M">49HBZ_FHA</subfield>
  </datafield>
  <datafield tag="MBD" ind1=" " ind2=" ">
    <subfield code="M">49HBZ_UBD</subfield>
    <subfield code="i">991007146589706445</subfield>
    <subfield code="n">Technische Universit&#228;t Dortmund</subfield>
  </datafield>
  <datafield tag="500" ind1=" " ind2=" ">
    <subfield code="a">Repr.: Bad Feilnbach : Schmidt Periodicals</subfield>
    <subfield code="9">F:501</subfield>
    <subfield code="M">49HBZ_UBD</subfield>
  </datafield>
  <datafield tag="980" ind1="1" ind2=" ">
    <subfield code="e">HBZ</subfield>
    <subfield code="9">LOCAL</subfield>
    <subfield code="M">49HBZ_UBD</subfield>
  </datafield>
  <datafield tag="981" ind1=" " ind2=" ">
    <subfield code="a">(DE-290)950502</subfield>
    <subfield code="9">LOCAL</subfield>
    <subfield code="M">49HBZ_UBD</subfield>
  </datafield>
  <datafield tag="997" ind1=" " ind2=" ">
    <subfield code="a">20020722</subfield>
    <subfield code="9">LOCAL</subfield>
    <subfield code="M">49HBZ_UBD</subfield>
  </datafield>
  <datafield tag="MBD" ind1=" " ind2=" ">
    <subfield code="M">49HBZ_UDE</subfield>
    <subfield code="i">990003274910206446</subfield>
    <subfield code="n">Universit&#228;t Duisburg-Essen</subfield>
  </datafield>
  <datafield tag="500" ind1=" " ind2=" ">
    <subfield code="a">Repr.: Bad Feilnbach : Schmidt Periodicals</subfield>
    <subfield code="9">F:501</subfield>
    <subfield code="M">49HBZ_UDE</subfield>
  </datafield>
  <datafield tag="MNG" ind1=" " ind2=" ">
    <subfield code="c">System</subfield>
    <subfield code="f">ILS</subfield>
    <subfield code="i">marc21</subfield>
    <subfield code="k">01</subfield>
    <subfield code="e">false</subfield>
    <subfield code="d">2021-01-09 20:09:21 Europe/Berlin</subfield>
    <subfield code="g">005411836-HBZ01</subfield>
    <subfield code="j">90</subfield>
    <subfield code="a">import</subfield>
    <subfield code="b">2020-11-23 07:40:24 Europe/Berlin</subfield>
  </datafield>
  <datafield tag="H52" ind1="8" ind2=" ">
    <subfield code="b">BOX</subfield>
    <subfield code="c">BOX_ZSMag</subfield>
    <subfield code="h">53 Z 112233</subfield>
    <subfield code="t">1</subfield>
    <subfield code="8">2255927820006444</subfield>
  </datafield>
  <datafield tag="HOL" ind1=" " ind2=" ">
    <subfield code="d">2021-02-25 21:19:58</subfield>
    <subfield code="8">2255927820006444</subfield>
    <subfield code="b">2021-02-25 21:19:58</subfield>
    <subfield code="M">49HBZ_FHA</subfield>
    <subfield code="g">false</subfield>
    <subfield code="a">hofko</subfield>
    <subfield code="c">hofko</subfield>
  </datafield>
  <datafield tag="H16" ind1="7" ind2=" ">
    <subfield code="a">626229-6</subfield>
    <subfield code="2">DE-600</subfield>
    <subfield code="8">2246023370006444</subfield>
  </datafield>
  <datafield tag="H35" ind1=" " ind2=" ">
    <subfield code="a">(DE-600)033783187</subfield>
    <subfield code="8">2246023370006444</subfield>
  </datafield>
  <datafield tag="H35" ind1=" " ind2=" ">
    <subfield code="a">(DE-A96)033783187-49hbz_fha</subfield>
    <subfield code="8">2246023370006444</subfield>
  </datafield>
  <datafield tag="H92" ind1=" " ind2=" ">
    <subfield code="a">512000-7</subfield>
    <subfield code="d">A 96</subfield>
    <subfield code="k">NRW</subfield>
    <subfield code="l">a</subfield>
    <subfield code="o">c</subfield>
    <subfield code="8">2246023370006444</subfield>
  </datafield>
  <datafield tag="H52" ind1="8" ind2=" ">
    <subfield code="b">EUP</subfield>
    <subfield code="c">EUP_ZSMag</subfield>
    <subfield code="8">1</subfield>
    <subfield code="h">43 Z 013</subfield>
    <subfield code="9">00</subfield>
    <subfield code="9">09</subfield>
    <subfield code="8">2246023370006444</subfield>
  </datafield>
  <datafield tag="H59" ind1="0" ind2="1">
    <subfield code="8">1.1\x</subfield>
    <subfield code="a">32</subfield>
    <subfield code="i">1986</subfield>
    <subfield code="8">2246023370006444</subfield>
  </datafield>
  <datafield tag="H66" ind1="3" ind2="0">
    <subfield code="a">32.1986 -</subfield>
    <subfield code="8">2246023370006444</subfield>
  </datafield>
  <datafield tag="H66" ind1=" " ind2="0">
    <subfield code="z">Jahrga&#776;nge a&#776;lter als 10 Jahre im Magazin</subfield>
    <subfield code="8">2246023370006444</subfield>
  </datafield>
  <datafield tag="HOL" ind1=" " ind2=" ">
    <subfield code="b">2020-11-30 20:13:44</subfield>
    <subfield code="8">2246023370006444</subfield>
    <subfield code="M">49HBZ_FHA</subfield>
    <subfield code="g">false</subfield>
    <subfield code="a">import</subfield>
  </datafield>
  <datafield tag="H52" ind1="8" ind2=" ">
    <subfield code="b">BOX</subfield>
    <subfield code="c">BOX_ZSFrei</subfield>
    <subfield code="h">53 Z 112233</subfield>
    <subfield code="t">1</subfield>
    <subfield code="8">2255928200006444</subfield>
  </datafield>
  <datafield tag="HOL" ind1=" " ind2=" ">
    <subfield code="d">2021-02-25 20:58:44</subfield>
    <subfield code="8">2255928200006444</subfield>
    <subfield code="b">2021-02-25 20:35:10</subfield>
    <subfield code="M">49HBZ_FHA</subfield>
    <subfield code="g">false</subfield>
    <subfield code="a">hofko</subfield>
    <subfield code="c">hofko</subfield>
  </datafield>
  <datafield tag="H16" ind1="7" ind2=" ">
    <subfield code="a">626229-6</subfield>
    <subfield code="2">DE-600</subfield>
    <subfield code="8">2246023120006444</subfield>
  </datafield>
  <datafield tag="H35" ind1=" " ind2=" ">
    <subfield code="a">(DE-600)69690084X</subfield>
    <subfield code="8">2246023120006444</subfield>
  </datafield>
  <datafield tag="H35" ind1=" " ind2=" ">
    <subfield code="a">(DE-A96)69690084X-49hbz_fha</subfield>
    <subfield code="8">2246023120006444</subfield>
  </datafield>
  <datafield tag="H92" ind1=" " ind2=" ">
    <subfield code="a">512000-7</subfield>
    <subfield code="d">A 96</subfield>
    <subfield code="k">NRW</subfield>
    <subfield code="l">a</subfield>
    <subfield code="o">c</subfield>
    <subfield code="8">2246023120006444</subfield>
  </datafield>
  <datafield tag="H52" ind1="8" ind2=" ">
    <subfield code="b">EUP</subfield>
    <subfield code="c">EUP_ZSFrei</subfield>
    <subfield code="8">2</subfield>
    <subfield code="h">43 Z 013</subfield>
    <subfield code="9">00</subfield>
    <subfield code="9">09</subfield>
    <subfield code="8">2246023120006444</subfield>
  </datafield>
  <datafield tag="H59" ind1="0" ind2="1">
    <subfield code="8">1.1\x</subfield>
    <subfield code="a">32</subfield>
    <subfield code="i">1986</subfield>
    <subfield code="8">2246023120006444</subfield>
  </datafield>
  <datafield tag="H66" ind1="3" ind2="0">
    <subfield code="a">32.1986 -</subfield>
    <subfield code="8">2246023120006444</subfield>
  </datafield>
  <datafield tag="H66" ind1=" " ind2="0">
    <subfield code="z">Hefte des laufenden Jahres in der Zeitschriftenauslage, die letzten 10 Jahrga&#776;nge in der Zeitschriftenfreihand</subfield>
    <subfield code="8">2246023120006444</subfield>
  </datafield>
  <datafield tag="HOL" ind1=" " ind2=" ">
    <subfield code="b">2020-11-30 20:13:44</subfield>
    <subfield code="8">2246023120006444</subfield>
    <subfield code="M">49HBZ_FHA</subfield>
    <subfield code="g">false</subfield>
    <subfield code="a">import</subfield>
  </datafield>
  <datafield tag="ITM" ind1=" " ind2=" ">
    <subfield code="H">2255928200006444</subfield>
    <subfield code="x">BOX_ZSFrei</subfield>
    <subfield code="f">ISSUE</subfield>
    <subfield code="v">BOX_ZSFrei</subfield>
    <subfield code="X">hofko</subfield>
    <subfield code="U">2021-02-25 21:20:56</subfield>
    <subfield code="Y">2021-02-25 21:21:15</subfield>
    <subfield code="j">7</subfield>
    <subfield code="i">19</subfield>
    <subfield code="k">2019</subfield>
    <subfield code="M">49HBZ_FHA</subfield>
    <subfield code="s">1</subfield>
    <subfield code="d">8</subfield>
    <subfield code="V">hofko</subfield>
    <subfield code="a">2355928130006444</subfield>
    <subfield code="c">53 Z 112233</subfield>
    <subfield code="q">v.19:no.7(2019)</subfield>
    <subfield code="W">2021-02-25 20:44:53</subfield>
    <subfield code="u">BOX</subfield>
    <subfield code="w">BOX</subfield>
  </datafield>
  <datafield tag="ITM" ind1=" " ind2=" ">
    <subfield code="H">2255928200006444</subfield>
    <subfield code="x">BOX_ZSFrei</subfield>
    <subfield code="f">ISSUE</subfield>
    <subfield code="v">BOX_ZSFrei</subfield>
    <subfield code="X">hofko</subfield>
    <subfield code="U">2021-02-25 21:20:56</subfield>
    <subfield code="Y">2021-02-25 21:21:15</subfield>
    <subfield code="j">8</subfield>
    <subfield code="i">19</subfield>
    <subfield code="k">2019</subfield>
    <subfield code="M">49HBZ_FHA</subfield>
    <subfield code="s">1</subfield>
    <subfield code="d">8</subfield>
    <subfield code="V">hofko</subfield>
    <subfield code="a">2355928120006444</subfield>
    <subfield code="c">53 Z 112233</subfield>
    <subfield code="q">v.19:no.8(2019)</subfield>
    <subfield code="W">2021-02-25 20:44:53</subfield>
    <subfield code="u">BOX</subfield>
    <subfield code="w">BOX</subfield>
  </datafield>
  <datafield tag="ITM" ind1=" " ind2=" ">
    <subfield code="H">2255928200006444</subfield>
    <subfield code="x">BOX_ZSFrei</subfield>
    <subfield code="f">ISSUE</subfield>
    <subfield code="v">BOX_ZSFrei</subfield>
    <subfield code="X">hofko</subfield>
    <subfield code="U">2021-02-25 21:20:56</subfield>
    <subfield code="Y">2021-02-25 21:21:15</subfield>
    <subfield code="j">6</subfield>
    <subfield code="i">19</subfield>
    <subfield code="k">2019</subfield>
    <subfield code="M">49HBZ_FHA</subfield>
    <subfield code="s">1</subfield>
    <subfield code="d">8</subfield>
    <subfield code="V">hofko</subfield>
    <subfield code="a">2355928140006444</subfield>
    <subfield code="c">53 Z 112233</subfield>
    <subfield code="q">v.19:no.6(2019)</subfield>
    <subfield code="W">2021-02-25 20:44:53</subfield>
    <subfield code="u">BOX</subfield>
    <subfield code="w">BOX</subfield>
  </datafield>
  <datafield tag="ITM" ind1=" " ind2=" ">
    <subfield code="H">2246023120006444</subfield>
    <subfield code="x">EUP_ZSFrei</subfield>
    <subfield code="f">ISSBD</subfield>
    <subfield code="v">EUP_ZSFrei</subfield>
    <subfield code="X">System</subfield>
    <subfield code="U">2020-11-30 10:59:00</subfield>
    <subfield code="Y">2020-11-30 20:14:20</subfield>
    <subfield code="h">false</subfield>
    <subfield code="P">ClassificationNo: 5000</subfield>
    <subfield code="G">1</subfield>
    <subfield code="Q">Fernleihkonditionen: 2</subfield>
    <subfield code="M">49HBZ_FHA</subfield>
    <subfield code="s">1</subfield>
    <subfield code="d">8</subfield>
    <subfield code="V">import</subfield>
    <subfield code="b">43 Z 013-2011</subfield>
    <subfield code="O">SISIS-Ausleihz&#228;hler Migrationsjahr: 0 | SISIS-Ausleihz&#228;hler Vor-Migrationsjahr: 0 | SISIS-Ausleihz&#228;hler vorletztes Migrationsjahr: 0 | SISIS-Vormerkz&#228;hler Migrationsjahr: 0 | SISIS-vorletztes R&#252;ckgabedatum: 2012-10-22</subfield>
    <subfield code="N">SISIS-Buchdaten-Aufnahmedatum: 2012-10-19 | Altersbegrenzung: 0</subfield>
    <subfield code="a">2346023100006444</subfield>
    <subfield code="c">43 Z 013</subfield>
    <subfield code="W">2020-11-30 20:13:44</subfield>
    <subfield code="u">EUP</subfield>
    <subfield code="w">EUP</subfield>
  </datafield>
  <datafield tag="ITM" ind1=" " ind2=" ">
    <subfield code="H">2246023120006444</subfield>
    <subfield code="x">EUP_ZSFrei</subfield>
    <subfield code="f">ISSBD</subfield>
    <subfield code="v">EUP_ZSFrei</subfield>
    <subfield code="X">System</subfield>
    <subfield code="U">2020-11-30 10:59:00</subfield>
    <subfield code="Y">2020-11-30 20:14:20</subfield>
    <subfield code="h">false</subfield>
    <subfield code="P">ClassificationNo: 5000</subfield>
    <subfield code="G">1</subfield>
    <subfield code="Q">Fernleihkonditionen: 0</subfield>
    <subfield code="M">49HBZ_FHA</subfield>
    <subfield code="s">1</subfield>
    <subfield code="d">8</subfield>
    <subfield code="V">import</subfield>
    <subfield code="b">43 Z 013-2010</subfield>
    <subfield code="O">SISIS-Ausleihz&#228;hler Migrationsjahr: 0 | SISIS-Ausleihz&#228;hler Vor-Migrationsjahr: 0 | SISIS-Ausleihz&#228;hler vorletztes Migrationsjahr: 0 | SISIS-Vormerkz&#228;hler Migrationsjahr: 0</subfield>
    <subfield code="N">SISIS-Buchdaten-Aufnahmedatum: 2011-02-22 | Altersbegrenzung: 0</subfield>
    <subfield code="a">2346023110006444</subfield>
    <subfield code="c">43 Z 013</subfield>
    <subfield code="W">2020-11-30 20:13:44</subfield>
    <subfield code="u">EUP</subfield>
    <subfield code="w">EUP</subfield>
  </datafield>
  <datafield tag="ITM" ind1=" " ind2=" ">
    <subfield code="H">2246023120006444</subfield>
    <subfield code="x">EUP_ZSFrei</subfield>
    <subfield code="f">BOOK</subfield>
    <subfield code="v">EUP_ZSFrei</subfield>
    <subfield code="X">System</subfield>
    <subfield code="U">2020-11-30 10:59:00</subfield>
    <subfield code="Y">2020-11-30 20:14:20</subfield>
    <subfield code="h">false</subfield>
    <subfield code="G">1</subfield>
    <subfield code="Q">Fernleihkonditionen: 3</subfield>
    <subfield code="M">49HBZ_FHA</subfield>
    <subfield code="s">1</subfield>
    <subfield code="d">8</subfield>
    <subfield code="V">import</subfield>
    <subfield code="b">Heft_1724</subfield>
    <subfield code="O">SISIS-Ausleihz&#228;hler Migrationsjahr: 0 | SISIS-Ausleihz&#228;hler Vor-Migrationsjahr: 0 | SISIS-Ausleihz&#228;hler vorletztes Migrationsjahr: 0 | SISIS-Vormerkz&#228;hler Migrationsjahr: 0</subfield>
    <subfield code="N">SISIS-Buchdaten-Aufnahmedatum: 2020-05-15</subfield>
    <subfield code="a">2346022990006444</subfield>
    <subfield code="c">43 Z 013</subfield>
    <subfield code="q">66.2020,5</subfield>
    <subfield code="W">2020-11-30 20:13:44</subfield>
    <subfield code="u">EUP</subfield>
    <subfield code="w">EUP</subfield>
  </datafield>
  <datafield tag="ITM" ind1=" " ind2=" ">
    <subfield code="H">2246023120006444</subfield>
    <subfield code="x">EUP_ZSFrei</subfield>
    <subfield code="f">BOOK</subfield>
    <subfield code="v">EUP_ZSFrei</subfield>
    <subfield code="X">System</subfield>
    <subfield code="U">2020-11-30 10:59:00</subfield>
    <subfield code="Y">2020-11-30 20:14:20</subfield>
    <subfield code="h">false</subfield>
    <subfield code="G">1</subfield>
    <subfield code="Q">Fernleihkonditionen: 3</subfield>
    <subfield code="M">49HBZ_FHA</subfield>
    <subfield code="s">1</subfield>
    <subfield code="d">8</subfield>
    <subfield code="V">import</subfield>
    <subfield code="b">Heft_1728</subfield>
    <subfield code="O">SISIS-Ausleihz&#228;hler Migrationsjahr: 0 | SISIS-Ausleihz&#228;hler Vor-Migrationsjahr: 0 | SISIS-Ausleihz&#228;hler vorletztes Migrationsjahr: 0 | SISIS-Vormerkz&#228;hler Migrationsjahr: 0</subfield>
    <subfield code="N">SISIS-Buchdaten-Aufnahmedatum: 2020-10-20</subfield>
    <subfield code="a">2346022950006444</subfield>
    <subfield code="c">43 Z 013</subfield>
    <subfield code="q">66.2020,10</subfield>
    <subfield code="W">2020-11-30 20:13:44</subfield>
    <subfield code="u">EUP</subfield>
    <subfield code="w">EUP</subfield>
  </datafield>
  <datafield tag="ITM" ind1=" " ind2=" ">
    <subfield code="H">2246023120006444</subfield>
    <subfield code="x">EUP_ZSFrei</subfield>
    <subfield code="f">BOOK</subfield>
    <subfield code="v">EUP_ZSFrei</subfield>
    <subfield code="X">System</subfield>
    <subfield code="U">2020-11-30 10:59:00</subfield>
    <subfield code="Y">2020-11-30 20:14:20</subfield>
    <subfield code="h">false</subfield>
    <subfield code="G">1</subfield>
    <subfield code="Q">Fernleihkonditionen: 3</subfield>
    <subfield code="M">49HBZ_FHA</subfield>
    <subfield code="s">1</subfield>
    <subfield code="d">8</subfield>
    <subfield code="V">import</subfield>
    <subfield code="b">Heft_1727</subfield>
    <subfield code="O">SISIS-Ausleihz&#228;hler Migrationsjahr: 0 | SISIS-Ausleihz&#228;hler Vor-Migrationsjahr: 0 | SISIS-Ausleihz&#228;hler vorletztes Migrationsjahr: 0 | SISIS-Vormerkz&#228;hler Migrationsjahr: 0</subfield>
    <subfield code="N">SISIS-Buchdaten-Aufnahmedatum: 2020-07-16</subfield>
    <subfield code="a">2346022960006444</subfield>
    <subfield code="c">43 Z 013</subfield>
    <subfield code="q">66.2020,7/8</subfield>
    <subfield code="W">2020-11-30 20:13:44</subfield>
    <subfield code="u">EUP</subfield>
    <subfield code="w">EUP</subfield>
  </datafield>
  <datafield tag="ITM" ind1=" " ind2=" ">
    <subfield code="H">2246023120006444</subfield>
    <subfield code="x">EUP_ZSFrei</subfield>
    <subfield code="f">BOOK</subfield>
    <subfield code="v">EUP_ZSFrei</subfield>
    <subfield code="X">System</subfield>
    <subfield code="U">2020-11-30 10:59:00</subfield>
    <subfield code="Y">2020-11-30 20:14:20</subfield>
    <subfield code="h">false</subfield>
    <subfield code="G">1</subfield>
    <subfield code="Q">Fernleihkonditionen: 3</subfield>
    <subfield code="M">49HBZ_FHA</subfield>
    <subfield code="s">1</subfield>
    <subfield code="d">8</subfield>
    <subfield code="V">import</subfield>
    <subfield code="b">Heft_1726</subfield>
    <subfield code="O">SISIS-Ausleihz&#228;hler Migrationsjahr: 0 | SISIS-Ausleihz&#228;hler Vor-Migrationsjahr: 0 | SISIS-Ausleihz&#228;hler vorletztes Migrationsjahr: 0 | SISIS-Vormerkz&#228;hler Migrationsjahr: 0</subfield>
    <subfield code="N">SISIS-Buchdaten-Aufnahmedatum: 2020-09-17</subfield>
    <subfield code="a">2346022970006444</subfield>
    <subfield code="c">43 Z 013</subfield>
    <subfield code="q">66.2020,9</subfield>
    <subfield code="W">2020-11-30 20:13:44</subfield>
    <subfield code="u">EUP</subfield>
    <subfield code="w">EUP</subfield>
  </datafield>
  <datafield tag="ITM" ind1=" " ind2=" ">
    <subfield code="H">2246023120006444</subfield>
    <subfield code="x">EUP_ZSFrei</subfield>
    <subfield code="f">BOOK</subfield>
    <subfield code="v">EUP_ZSFrei</subfield>
    <subfield code="X">System</subfield>
    <subfield code="U">2020-11-30 10:59:00</subfield>
    <subfield code="Y">2020-11-30 20:14:20</subfield>
    <subfield code="h">false</subfield>
    <subfield code="G">1</subfield>
    <subfield code="Q">Fernleihkonditionen: 3</subfield>
    <subfield code="M">49HBZ_FHA</subfield>
    <subfield code="s">1</subfield>
    <subfield code="d">8</subfield>
    <subfield code="V">import</subfield>
    <subfield code="b">Heft_1725</subfield>
    <subfield code="O">SISIS-Ausleihz&#228;hler Migrationsjahr: 0 | SISIS-Ausleihz&#228;hler Vor-Migrationsjahr: 0 | SISIS-Ausleihz&#228;hler vorletztes Migrationsjahr: 0 | SISIS-Vormerkz&#228;hler Migrationsjahr: 0</subfield>
    <subfield code="N">SISIS-Buchdaten-Aufnahmedatum: 2020-06-18</subfield>
    <subfield code="a">2346022980006444</subfield>
    <subfield code="c">43 Z 013</subfield>
    <subfield code="q">66.2020,6</subfield>
    <subfield code="W">2020-11-30 20:13:44</subfield>
    <subfield code="u">EUP</subfield>
    <subfield code="w">EUP</subfield>
  </datafield>
  <datafield tag="ITM" ind1=" " ind2=" ">
    <subfield code="H">2246023370006444</subfield>
    <subfield code="x">EUP_ZSMag</subfield>
    <subfield code="f">ISSBD</subfield>
    <subfield code="v">EUP_ZSMag</subfield>
    <subfield code="X">System</subfield>
    <subfield code="U">2020-11-30 10:59:00</subfield>
    <subfield code="Y">2020-11-30 20:14:20</subfield>
    <subfield code="h">false</subfield>
    <subfield code="P">ClassificationNo: 5000</subfield>
    <subfield code="G">1</subfield>
    <subfield code="Q">Fernleihkonditionen: 0</subfield>
    <subfield code="M">49HBZ_FHA</subfield>
    <subfield code="s">1</subfield>
    <subfield code="d">8</subfield>
    <subfield code="V">import</subfield>
    <subfield code="b">43 Z 013-1990</subfield>
    <subfield code="O">SISIS-Ausleihz&#228;hler Migrationsjahr: 0 | SISIS-Ausleihz&#228;hler Vor-Migrationsjahr: 0 | SISIS-Ausleihz&#228;hler vorletztes Migrationsjahr: 0 | SISIS-Vormerkz&#228;hler Migrationsjahr: 0</subfield>
    <subfield code="N">Altersbegrenzung: 0</subfield>
    <subfield code="a">2346023300006444</subfield>
    <subfield code="c">43 Z 013</subfield>
    <subfield code="W">2020-11-30 20:13:44</subfield>
    <subfield code="u">EUP</subfield>
    <subfield code="w">EUP</subfield>
  </datafield>
  <datafield tag="ITM" ind1=" " ind2=" ">
    <subfield code="H">2246023370006444</subfield>
    <subfield code="x">EUP_ZSMag</subfield>
    <subfield code="f">ISSBD</subfield>
    <subfield code="v">EUP_ZSMag</subfield>
    <subfield code="X">System</subfield>
    <subfield code="U">2020-11-30 10:59:00</subfield>
    <subfield code="Y">2020-11-30 20:14:20</subfield>
    <subfield code="h">false</subfield>
    <subfield code="P">ClassificationNo: 5000</subfield>
    <subfield code="G">1</subfield>
    <subfield code="Q">Fernleihkonditionen: 0</subfield>
    <subfield code="M">49HBZ_FHA</subfield>
    <subfield code="s">1</subfield>
    <subfield code="d">8</subfield>
    <subfield code="V">import</subfield>
    <subfield code="b">43 Z 013-1988</subfield>
    <subfield code="O">SISIS-Ausleihz&#228;hler Migrationsjahr: 0 | SISIS-Ausleihz&#228;hler Vor-Migrationsjahr: 0 | SISIS-Ausleihz&#228;hler vorletztes Migrationsjahr: 0 | SISIS-Vormerkz&#228;hler Migrationsjahr: 0</subfield>
    <subfield code="N">Altersbegrenzung: 0</subfield>
    <subfield code="a">2346023320006444</subfield>
    <subfield code="c">43 Z 013</subfield>
    <subfield code="W">2020-11-30 20:13:44</subfield>
    <subfield code="u">EUP</subfield>
    <subfield code="w">EUP</subfield>
  </datafield>
  <datafield tag="ITM" ind1=" " ind2=" ">
    <subfield code="H">2246023370006444</subfield>
    <subfield code="x">EUP_ZSMag</subfield>
    <subfield code="f">ISSBD</subfield>
    <subfield code="v">EUP_ZSMag</subfield>
    <subfield code="X">System</subfield>
    <subfield code="U">2020-11-30 10:59:00</subfield>
    <subfield code="Y">2020-11-30 20:14:20</subfield>
    <subfield code="h">false</subfield>
    <subfield code="P">ClassificationNo: 5000</subfield>
    <subfield code="G">1</subfield>
    <subfield code="Q">Fernleihkonditionen: 0</subfield>
    <subfield code="M">49HBZ_FHA</subfield>
    <subfield code="s">1</subfield>
    <subfield code="d">8</subfield>
    <subfield code="V">import</subfield>
    <subfield code="b">43 Z 013-1989</subfield>
    <subfield code="O">SISIS-Ausleihz&#228;hler Migrationsjahr: 0 | SISIS-Ausleihz&#228;hler Vor-Migrationsjahr: 0 | SISIS-Ausleihz&#228;hler vorletztes Migrationsjahr: 0 | SISIS-Vormerkz&#228;hler Migrationsjahr: 0</subfield>
    <subfield code="N">Altersbegrenzung: 0</subfield>
    <subfield code="a">2346023310006444</subfield>
    <subfield code="c">43 Z 013</subfield>
    <subfield code="W">2020-11-30 20:13:44</subfield>
    <subfield code="u">EUP</subfield>
    <subfield code="w">EUP</subfield>
  </datafield>
  <datafield tag="ITM" ind1=" " ind2=" ">
    <subfield code="H">2246023370006444</subfield>
    <subfield code="x">EUP_ZSMag</subfield>
    <subfield code="f">ISSBD</subfield>
    <subfield code="v">EUP_ZSMag</subfield>
    <subfield code="X">System</subfield>
    <subfield code="U">2020-11-30 10:59:00</subfield>
    <subfield code="Y">2020-11-30 20:14:20</subfield>
    <subfield code="h">false</subfield>
    <subfield code="P">ClassificationNo: 5000</subfield>
    <subfield code="G">1</subfield>
    <subfield code="Q">Fernleihkonditionen: 0</subfield>
    <subfield code="M">49HBZ_FHA</subfield>
    <subfield code="s">1</subfield>
    <subfield code="d">8</subfield>
    <subfield code="V">import</subfield>
    <subfield code="b">43 Z 013-1987</subfield>
    <subfield code="O">SISIS-Ausleihz&#228;hler Migrationsjahr: 0 | SISIS-Ausleihz&#228;hler Vor-Migrationsjahr: 0 | SISIS-Ausleihz&#228;hler vorletztes Migrationsjahr: 0 | SISIS-Vormerkz&#228;hler Migrationsjahr: 0</subfield>
    <subfield code="N">Altersbegrenzung: 0</subfield>
    <subfield code="a">2346023330006444</subfield>
    <subfield code="c">43 Z 013</subfield>
    <subfield code="W">2020-11-30 20:13:44</subfield>
    <subfield code="u">EUP</subfield>
    <subfield code="w">EUP</subfield>
  </datafield>
  <datafield tag="ITM" ind1=" " ind2=" ">
    <subfield code="H">2255927820006444</subfield>
    <subfield code="x">BOX_ZSMag</subfield>
    <subfield code="f">ISSBD</subfield>
    <subfield code="v">BOX_ZSMag</subfield>
    <subfield code="X">hofko</subfield>
    <subfield code="U">2021-03-02 08:18:24</subfield>
    <subfield code="Y">2021-03-02 09:25:58</subfield>
    <subfield code="i">18</subfield>
    <subfield code="k">2018</subfield>
    <subfield code="M">49HBZ_FHA</subfield>
    <subfield code="s">1</subfield>
    <subfield code="d">8</subfield>
    <subfield code="V">hofko</subfield>
    <subfield code="b">53 Z 112233-2018,4</subfield>
    <subfield code="a">2355918730006444</subfield>
    <subfield code="c">53 Z 112233</subfield>
    <subfield code="q">18.2018</subfield>
    <subfield code="W">2021-03-02 08:16:18</subfield>
    <subfield code="u">BOX</subfield>
    <subfield code="w">BOX</subfield>
  </datafield>
  <datafield tag="ITM" ind1=" " ind2=" ">
    <subfield code="H">2255928200006444</subfield>
    <subfield code="x">BOX_ZSFrei</subfield>
    <subfield code="f">ISSUE</subfield>
    <subfield code="v">BOX_ZSFrei</subfield>
    <subfield code="X">hofko</subfield>
    <subfield code="U">2021-02-25 21:03:03</subfield>
    <subfield code="Y">2021-02-25 21:03:23</subfield>
    <subfield code="j">12</subfield>
    <subfield code="i">20</subfield>
    <subfield code="k">2020</subfield>
    <subfield code="M">49HBZ_FHA</subfield>
    <subfield code="s">1</subfield>
    <subfield code="d">8</subfield>
    <subfield code="V">hofko</subfield>
    <subfield code="a">2355927960006444</subfield>
    <subfield code="c">53 Z 112233</subfield>
    <subfield code="q">v.20:no.12(2020)</subfield>
    <subfield code="W">2021-02-25 20:45:24</subfield>
    <subfield code="u">BOX</subfield>
    <subfield code="w">BOX</subfield>
  </datafield>
  <datafield tag="ITM" ind1=" " ind2=" ">
    <subfield code="H">2255928200006444</subfield>
    <subfield code="x">BOX_ZSFrei</subfield>
    <subfield code="f">ISSUE</subfield>
    <subfield code="v">BOX_ZSFrei</subfield>
    <subfield code="X">hofko</subfield>
    <subfield code="U">2021-02-25 21:20:56</subfield>
    <subfield code="Y">2021-02-25 21:21:15</subfield>
    <subfield code="j">4</subfield>
    <subfield code="i">19</subfield>
    <subfield code="k">2019</subfield>
    <subfield code="M">49HBZ_FHA</subfield>
    <subfield code="s">1</subfield>
    <subfield code="d">8</subfield>
    <subfield code="V">hofko</subfield>
    <subfield code="a">2355928160006444</subfield>
    <subfield code="c">53 Z 112233</subfield>
    <subfield code="q">v.19:no.4(2019)</subfield>
    <subfield code="W">2021-02-25 20:44:53</subfield>
    <subfield code="u">BOX</subfield>
    <subfield code="w">BOX</subfield>
  </datafield>
  <datafield tag="ITM" ind1=" " ind2=" ">
    <subfield code="H">2255928200006444</subfield>
    <subfield code="x">BOX_ZSFrei</subfield>
    <subfield code="f">ISSUE</subfield>
    <subfield code="v">BOX_ZSFrei</subfield>
    <subfield code="X">hofko</subfield>
    <subfield code="U">2021-02-25 21:20:56</subfield>
    <subfield code="Y">2021-02-25 21:21:15</subfield>
    <subfield code="j">3</subfield>
    <subfield code="i">19</subfield>
    <subfield code="k">2019</subfield>
    <subfield code="M">49HBZ_FHA</subfield>
    <subfield code="s">1</subfield>
    <subfield code="d">8</subfield>
    <subfield code="V">hofko</subfield>
    <subfield code="a">2355928170006444</subfield>
    <subfield code="c">53 Z 112233</subfield>
    <subfield code="q">v.19:no.3(2019)</subfield>
    <subfield code="W">2021-02-25 20:44:53</subfield>
    <subfield code="u">BOX</subfield>
    <subfield code="w">BOX</subfield>
  </datafield>
  <datafield tag="ITM" ind1=" " ind2=" ">
    <subfield code="H">2255928200006444</subfield>
    <subfield code="x">BOX_ZSFrei</subfield>
    <subfield code="f">ISSUE</subfield>
    <subfield code="v">BOX_ZSFrei</subfield>
    <subfield code="X">hofko</subfield>
    <subfield code="U">2021-02-25 21:20:56</subfield>
    <subfield code="Y">2021-02-25 21:21:15</subfield>
    <subfield code="j">10</subfield>
    <subfield code="i">19</subfield>
    <subfield code="k">2019</subfield>
    <subfield code="M">49HBZ_FHA</subfield>
    <subfield code="s">1</subfield>
    <subfield code="d">8</subfield>
    <subfield code="V">hofko</subfield>
    <subfield code="a">2355928100006444</subfield>
    <subfield code="c">53 Z 112233</subfield>
    <subfield code="q">v.19:no.10(2019)</subfield>
    <subfield code="W">2021-02-25 20:44:53</subfield>
    <subfield code="u">BOX</subfield>
    <subfield code="w">BOX</subfield>
  </datafield>
  <datafield tag="ITM" ind1=" " ind2=" ">
    <subfield code="H">2255928200006444</subfield>
    <subfield code="x">BOX_ZSFrei</subfield>
    <subfield code="f">ISSUE</subfield>
    <subfield code="v">BOX_ZSFrei</subfield>
    <subfield code="X">hofko</subfield>
    <subfield code="U">2021-02-25 21:03:03</subfield>
    <subfield code="Y">2021-02-25 21:03:23</subfield>
    <subfield code="j">10</subfield>
    <subfield code="i">20</subfield>
    <subfield code="k">2020</subfield>
    <subfield code="M">49HBZ_FHA</subfield>
    <subfield code="s">1</subfield>
    <subfield code="d">8</subfield>
    <subfield code="V">hofko</subfield>
    <subfield code="a">2355927980006444</subfield>
    <subfield code="c">53 Z 112233</subfield>
    <subfield code="q">v.20:no.10(2020)</subfield>
    <subfield code="W">2021-02-25 20:45:24</subfield>
    <subfield code="u">BOX</subfield>
    <subfield code="w">BOX</subfield>
  </datafield>
  <datafield tag="ITM" ind1=" " ind2=" ">
    <subfield code="H">2255928200006444</subfield>
    <subfield code="x">BOX_ZSFrei</subfield>
    <subfield code="f">ISSUE</subfield>
    <subfield code="v">BOX_ZSFrei</subfield>
    <subfield code="X">hofko</subfield>
    <subfield code="U">2021-02-25 21:20:56</subfield>
    <subfield code="Y">2021-02-25 21:21:15</subfield>
    <subfield code="j">9</subfield>
    <subfield code="i">19</subfield>
    <subfield code="k">2019</subfield>
    <subfield code="M">49HBZ_FHA</subfield>
    <subfield code="s">1</subfield>
    <subfield code="d">8</subfield>
    <subfield code="V">hofko</subfield>
    <subfield code="a">2355928110006444</subfield>
    <subfield code="c">53 Z 112233</subfield>
    <subfield code="q">v.19:no.9(2019)</subfield>
    <subfield code="W">2021-02-25 20:44:53</subfield>
    <subfield code="u">BOX</subfield>
    <subfield code="w">BOX</subfield>
  </datafield>
  <datafield tag="ITM" ind1=" " ind2=" ">
    <subfield code="H">2255928200006444</subfield>
    <subfield code="x">BOX_ZSFrei</subfield>
    <subfield code="f">ISSUE</subfield>
    <subfield code="v">BOX_ZSFrei</subfield>
    <subfield code="X">hofko</subfield>
    <subfield code="U">2021-02-25 21:20:56</subfield>
    <subfield code="Y">2021-02-25 21:21:15</subfield>
    <subfield code="j">5</subfield>
    <subfield code="i">19</subfield>
    <subfield code="k">2019</subfield>
    <subfield code="M">49HBZ_FHA</subfield>
    <subfield code="s">1</subfield>
    <subfield code="d">8</subfield>
    <subfield code="V">hofko</subfield>
    <subfield code="a">2355928150006444</subfield>
    <subfield code="c">53 Z 112233</subfield>
    <subfield code="q">v.19:no.5(2019)</subfield>
    <subfield code="W">2021-02-25 20:44:53</subfield>
    <subfield code="u">BOX</subfield>
    <subfield code="w">BOX</subfield>
  </datafield>
  <datafield tag="ITM" ind1=" " ind2=" ">
    <subfield code="H">2255928200006444</subfield>
    <subfield code="x">BOX_ZSFrei</subfield>
    <subfield code="f">ISSUE</subfield>
    <subfield code="v">BOX_ZSFrei</subfield>
    <subfield code="X">hofko</subfield>
    <subfield code="U">2021-02-25 21:20:56</subfield>
    <subfield code="Y">2021-02-25 21:21:15</subfield>
    <subfield code="j">2</subfield>
    <subfield code="i">19</subfield>
    <subfield code="k">2019</subfield>
    <subfield code="M">49HBZ_FHA</subfield>
    <subfield code="s">1</subfield>
    <subfield code="d">8</subfield>
    <subfield code="V">hofko</subfield>
    <subfield code="a">2355928180006444</subfield>
    <subfield code="c">53 Z 112233</subfield>
    <subfield code="q">v.19:no.2(2019)</subfield>
    <subfield code="W">2021-02-25 20:44:53</subfield>
    <subfield code="u">BOX</subfield>
    <subfield code="w">BOX</subfield>
  </datafield>
  <datafield tag="ITM" ind1=" " ind2=" ">
    <subfield code="H">2255928200006444</subfield>
    <subfield code="x">BOX_ZSFrei</subfield>
    <subfield code="f">ISSUE</subfield>
    <subfield code="v">BOX_ZSFrei</subfield>
    <subfield code="X">hofko</subfield>
    <subfield code="U">2021-02-25 21:20:56</subfield>
    <subfield code="Y">2021-02-25 21:21:15</subfield>
    <subfield code="j">1</subfield>
    <subfield code="i">19</subfield>
    <subfield code="k">2019</subfield>
    <subfield code="M">49HBZ_FHA</subfield>
    <subfield code="s">1</subfield>
    <subfield code="d">8</subfield>
    <subfield code="V">hofko</subfield>
    <subfield code="a">2355928190006444</subfield>
    <subfield code="c">53 Z 112233</subfield>
    <subfield code="q">v.19:no.1(2019)</subfield>
    <subfield code="W">2021-02-25 20:44:53</subfield>
    <subfield code="u">BOX</subfield>
    <subfield code="w">BOX</subfield>
  </datafield>
  <datafield tag="ITM" ind1=" " ind2=" ">
    <subfield code="H">2255928200006444</subfield>
    <subfield code="x">BOX_ZSFrei</subfield>
    <subfield code="f">ISSUE</subfield>
    <subfield code="v">BOX_ZSFrei</subfield>
    <subfield code="X">hofko</subfield>
    <subfield code="U">2021-02-25 21:03:03</subfield>
    <subfield code="Y">2021-02-25 21:03:23</subfield>
    <subfield code="j">11</subfield>
    <subfield code="i">20</subfield>
    <subfield code="k">2020</subfield>
    <subfield code="M">49HBZ_FHA</subfield>
    <subfield code="s">1</subfield>
    <subfield code="d">8</subfield>
    <subfield code="V">hofko</subfield>
    <subfield code="a">2355927970006444</subfield>
    <subfield code="c">53 Z 112233</subfield>
    <subfield code="q">v.20:no.11(2020)</subfield>
    <subfield code="W">2021-02-25 20:45:24</subfield>
    <subfield code="u">BOX</subfield>
    <subfield code="w">BOX</subfield>
  </datafield>
  <datafield tag="ITM" ind1=" " ind2=" ">
    <subfield code="H">2255928200006444</subfield>
    <subfield code="x">BOX_ZSFrei</subfield>
    <subfield code="f">ISSUE</subfield>
    <subfield code="v">BOX_ZSFrei</subfield>
    <subfield code="X">hofko</subfield>
    <subfield code="U">2021-02-25 21:03:03</subfield>
    <subfield code="Y">2021-02-25 21:03:23</subfield>
    <subfield code="j">9</subfield>
    <subfield code="i">20</subfield>
    <subfield code="k">2020</subfield>
    <subfield code="M">49HBZ_FHA</subfield>
    <subfield code="s">1</subfield>
    <subfield code="d">8</subfield>
    <subfield code="V">hofko</subfield>
    <subfield code="a">2355927990006444</subfield>
    <subfield code="c">53 Z 112233</subfield>
    <subfield code="q">v.20:no.9(2020)</subfield>
    <subfield code="W">2021-02-25 20:45:24</subfield>
    <subfield code="u">BOX</subfield>
    <subfield code="w">BOX</subfield>
  </datafield>
  <datafield tag="ITM" ind1=" " ind2=" ">
    <subfield code="H">2246023370006444</subfield>
    <subfield code="x">EUP_ZSMag</subfield>
    <subfield code="f">ISSBD</subfield>
    <subfield code="v">EUP_ZSMag</subfield>
    <subfield code="X">System</subfield>
    <subfield code="U">2020-11-30 10:59:00</subfield>
    <subfield code="Y">2020-11-30 20:14:20</subfield>
    <subfield code="h">false</subfield>
    <subfield code="P">ClassificationNo: 5000</subfield>
    <subfield code="G">1</subfield>
    <subfield code="Q">Fernleihkonditionen: 0</subfield>
    <subfield code="M">49HBZ_FHA</subfield>
    <subfield code="s">1</subfield>
    <subfield code="d">8</subfield>
    <subfield code="V">import</subfield>
    <subfield code="b">43 Z 013-1991</subfield>
    <subfield code="O">SISIS-Ausleihz&#228;hler Migrationsjahr: 0 | SISIS-Ausleihz&#228;hler Vor-Migrationsjahr: 0 | SISIS-Ausleihz&#228;hler vorletztes Migrationsjahr: 0 | SISIS-Vormerkz&#228;hler Migrationsjahr: 0</subfield>
    <subfield code="N">Altersbegrenzung: 0</subfield>
    <subfield code="a">2346023290006444</subfield>
    <subfield code="c">43 Z 013</subfield>
    <subfield code="W">2020-11-30 20:13:44</subfield>
    <subfield code="u">EUP</subfield>
    <subfield code="w">EUP</subfield>
  </datafield>
  <datafield tag="ITM" ind1=" " ind2=" ">
    <subfield code="H">2255927820006444</subfield>
    <subfield code="x">BOX_ZSMag</subfield>
    <subfield code="f">ISSBD</subfield>
    <subfield code="v">BOX_ZSMag</subfield>
    <subfield code="X">hofko</subfield>
    <subfield code="U">2021-02-26 16:16:04</subfield>
    <subfield code="Y">2021-02-26 16:16:04</subfield>
    <subfield code="i">18</subfield>
    <subfield code="k">2018</subfield>
    <subfield code="M">49HBZ_FHA</subfield>
    <subfield code="s">0</subfield>
    <subfield code="d">8</subfield>
    <subfield code="V">hofko</subfield>
    <subfield code="b">53 Z 112233-2018,3</subfield>
    <subfield code="a">2355937580006444</subfield>
    <subfield code="c">53 Z 112233</subfield>
    <subfield code="r">WORK_ORDER_DEPARTMENT</subfield>
    <subfield code="q">18.2018</subfield>
    <subfield code="W">2021-02-26 16:15:47</subfield>
    <subfield code="u">BOX</subfield>
    <subfield code="w">BOX</subfield>
  </datafield>
  <datafield tag="ITM" ind1=" " ind2=" ">
    <subfield code="H">2246023370006444</subfield>
    <subfield code="x">EUP_ZSMag</subfield>
    <subfield code="f">ISSBD</subfield>
    <subfield code="v">EUP_ZSMag</subfield>
    <subfield code="X">System</subfield>
    <subfield code="U">2020-11-30 10:59:00</subfield>
    <subfield code="Y">2020-11-30 20:14:20</subfield>
    <subfield code="h">false</subfield>
    <subfield code="P">ClassificationNo: 5000</subfield>
    <subfield code="G">1</subfield>
    <subfield code="Q">Fernleihkonditionen: 2</subfield>
    <subfield code="M">49HBZ_FHA</subfield>
    <subfield code="s">1</subfield>
    <subfield code="d">8</subfield>
    <subfield code="V">import</subfield>
    <subfield code="b">43 Z 013-2007</subfield>
    <subfield code="O">SISIS-Ausleihz&#228;hler Migrationsjahr: 0 | SISIS-Ausleihz&#228;hler Vor-Migrationsjahr: 0 | SISIS-Ausleihz&#228;hler vorletztes Migrationsjahr: 0 | SISIS-Vormerkz&#228;hler Migrationsjahr: 0</subfield>
    <subfield code="N">SISIS-Buchdaten-Aufnahmedatum: 2008-04-08 | Altersbegrenzung: 0</subfield>
    <subfield code="a">2346023360006444</subfield>
    <subfield code="c">43 Z 013</subfield>
    <subfield code="W">2020-11-30 20:13:44</subfield>
    <subfield code="u">EUP</subfield>
    <subfield code="w">EUP</subfield>
  </datafield>
  <datafield tag="ITM" ind1=" " ind2=" ">
    <subfield code="H">2246023370006444</subfield>
    <subfield code="x">EUP_ZSMag</subfield>
    <subfield code="f">ISSBD</subfield>
    <subfield code="v">EUP_ZSMag</subfield>
    <subfield code="X">System</subfield>
    <subfield code="U">2020-11-30 10:59:00</subfield>
    <subfield code="Y">2020-11-30 20:14:20</subfield>
    <subfield code="h">false</subfield>
    <subfield code="P">ClassificationNo: 5000</subfield>
    <subfield code="G">1</subfield>
    <subfield code="Q">Fernleihkonditionen: 0</subfield>
    <subfield code="M">49HBZ_FHA</subfield>
    <subfield code="s">1</subfield>
    <subfield code="d">8</subfield>
    <subfield code="V">import</subfield>
    <subfield code="b">43 Z 013-1986</subfield>
    <subfield code="O">SISIS-Ausleihz&#228;hler Migrationsjahr: 0 | SISIS-Ausleihz&#228;hler Vor-Migrationsjahr: 0 | SISIS-Ausleihz&#228;hler vorletztes Migrationsjahr: 0 | SISIS-Vormerkz&#228;hler Migrationsjahr: 0</subfield>
    <subfield code="N">Altersbegrenzung: 0</subfield>
    <subfield code="a">2346023340006444</subfield>
    <subfield code="c">43 Z 013</subfield>
    <subfield code="W">2020-11-30 20:13:44</subfield>
    <subfield code="u">EUP</subfield>
    <subfield code="w">EUP</subfield>
  </datafield>
  <datafield tag="ITM" ind1=" " ind2=" ">
    <subfield code="H">2246023370006444</subfield>
    <subfield code="x">EUP_ZSMag</subfield>
    <subfield code="f">ISSBD</subfield>
    <subfield code="v">EUP_ZSMag</subfield>
    <subfield code="X">System</subfield>
    <subfield code="U">2020-11-30 10:59:00</subfield>
    <subfield code="Y">2020-11-30 20:14:20</subfield>
    <subfield code="h">false</subfield>
    <subfield code="P">ClassificationNo: 5000</subfield>
    <subfield code="G">1</subfield>
    <subfield code="Q">Fernleihkonditionen: 0</subfield>
    <subfield code="M">49HBZ_FHA</subfield>
    <subfield code="s">1</subfield>
    <subfield code="d">8</subfield>
    <subfield code="V">import</subfield>
    <subfield code="b">43 Z 013-1995</subfield>
    <subfield code="O">SISIS-Ausleihz&#228;hler Migrationsjahr: 0 | SISIS-Ausleihz&#228;hler Vor-Migrationsjahr: 0 | SISIS-Ausleihz&#228;hler vorletztes Migrationsjahr: 0 | SISIS-Vormerkz&#228;hler Migrationsjahr: 0</subfield>
    <subfield code="N">Altersbegrenzung: 0</subfield>
    <subfield code="a">2346023250006444</subfield>
    <subfield code="c">43 Z 013</subfield>
    <subfield code="W">2020-11-30 20:13:44</subfield>
    <subfield code="u">EUP</subfield>
    <subfield code="w">EUP</subfield>
  </datafield>
  <datafield tag="ITM" ind1=" " ind2=" ">
    <subfield code="H">2246023370006444</subfield>
    <subfield code="x">EUP_ZSMag</subfield>
    <subfield code="f">ISSBD</subfield>
    <subfield code="v">EUP_ZSMag</subfield>
    <subfield code="X">System</subfield>
    <subfield code="U">2020-11-30 10:59:00</subfield>
    <subfield code="Y">2020-11-30 20:14:20</subfield>
    <subfield code="h">false</subfield>
    <subfield code="P">ClassificationNo: 5000</subfield>
    <subfield code="G">1</subfield>
    <subfield code="Q">Fernleihkonditionen: 0</subfield>
    <subfield code="M">49HBZ_FHA</subfield>
    <subfield code="s">1</subfield>
    <subfield code="d">8</subfield>
    <subfield code="V">import</subfield>
    <subfield code="b">43 Z 013-2004</subfield>
    <subfield code="O">SISIS-Ausleihz&#228;hler Migrationsjahr: 0 | SISIS-Ausleihz&#228;hler Vor-Migrationsjahr: 0 | SISIS-Ausleihz&#228;hler vorletztes Migrationsjahr: 0 | SISIS-Vormerkz&#228;hler Migrationsjahr: 0 | SISIS-vorletztes R&#252;ckgabedatum: 2005-04-20</subfield>
    <subfield code="N">SISIS-Buchdaten-Aufnahmedatum: 2005-04-19 | Altersbegrenzung: 0</subfield>
    <subfield code="a">2346023160006444</subfield>
    <subfield code="c">43 Z 013</subfield>
    <subfield code="W">2020-11-30 20:13:44</subfield>
    <subfield code="u">EUP</subfield>
    <subfield code="w">EUP</subfield>
  </datafield>
  <datafield tag="ITM" ind1=" " ind2=" ">
    <subfield code="H">2246023370006444</subfield>
    <subfield code="x">EUP_ZSMag</subfield>
    <subfield code="f">ISSBD</subfield>
    <subfield code="v">EUP_ZSMag</subfield>
    <subfield code="X">System</subfield>
    <subfield code="U">2020-11-30 10:59:00</subfield>
    <subfield code="Y">2020-11-30 20:14:20</subfield>
    <subfield code="h">false</subfield>
    <subfield code="P">ClassificationNo: 5000</subfield>
    <subfield code="G">1</subfield>
    <subfield code="Q">Fernleihkonditionen: 0</subfield>
    <subfield code="M">49HBZ_FHA</subfield>
    <subfield code="s">1</subfield>
    <subfield code="d">8</subfield>
    <subfield code="V">import</subfield>
    <subfield code="b">43 Z 013-2002</subfield>
    <subfield code="O">SISIS-Ausleihz&#228;hler Migrationsjahr: 0 | SISIS-Ausleihz&#228;hler Vor-Migrationsjahr: 0 | SISIS-Ausleihz&#228;hler vorletztes Migrationsjahr: 0 | SISIS-Vormerkz&#228;hler Migrationsjahr: 0 | SISIS-vorletztes R&#252;ckgabedatum: 2005-03-18</subfield>
    <subfield code="N">Altersbegrenzung: 0</subfield>
    <subfield code="a">2346023180006444</subfield>
    <subfield code="c">43 Z 013</subfield>
    <subfield code="W">2020-11-30 20:13:44</subfield>
    <subfield code="u">EUP</subfield>
    <subfield code="w">EUP</subfield>
  </datafield>
  <datafield tag="ITM" ind1=" " ind2=" ">
    <subfield code="H">2246023370006444</subfield>
    <subfield code="x">EUP_ZSMag</subfield>
    <subfield code="f">ISSBD</subfield>
    <subfield code="v">EUP_ZSMag</subfield>
    <subfield code="X">System</subfield>
    <subfield code="U">2020-11-30 10:59:00</subfield>
    <subfield code="Y">2020-11-30 20:14:20</subfield>
    <subfield code="h">false</subfield>
    <subfield code="P">ClassificationNo: 5000</subfield>
    <subfield code="G">1</subfield>
    <subfield code="Q">Fernleihkonditionen: 0</subfield>
    <subfield code="M">49HBZ_FHA</subfield>
    <subfield code="s">1</subfield>
    <subfield code="d">8</subfield>
    <subfield code="V">import</subfield>
    <subfield code="b">43 Z 013-1993</subfield>
    <subfield code="O">SISIS-Ausleihz&#228;hler Migrationsjahr: 0 | SISIS-Ausleihz&#228;hler Vor-Migrationsjahr: 0 | SISIS-Ausleihz&#228;hler vorletztes Migrationsjahr: 0 | SISIS-Vormerkz&#228;hler Migrationsjahr: 0</subfield>
    <subfield code="N">Altersbegrenzung: 0</subfield>
    <subfield code="a">2346023270006444</subfield>
    <subfield code="c">43 Z 013</subfield>
    <subfield code="W">2020-11-30 20:13:44</subfield>
    <subfield code="u">EUP</subfield>
    <subfield code="w">EUP</subfield>
  </datafield>
  <datafield tag="ITM" ind1=" " ind2=" ">
    <subfield code="H">2246023370006444</subfield>
    <subfield code="x">EUP_ZSMag</subfield>
    <subfield code="f">ISSBD</subfield>
    <subfield code="v">EUP_ZSMag</subfield>
    <subfield code="X">System</subfield>
    <subfield code="U">2020-11-30 10:59:00</subfield>
    <subfield code="Y">2020-11-30 20:14:20</subfield>
    <subfield code="h">false</subfield>
    <subfield code="P">ClassificationNo: 5000</subfield>
    <subfield code="G">1</subfield>
    <subfield code="Q">Fernleihkonditionen: 0</subfield>
    <subfield code="M">49HBZ_FHA</subfield>
    <subfield code="s">1</subfield>
    <subfield code="d">8</subfield>
    <subfield code="V">import</subfield>
    <subfield code="b">43 Z 013-1997</subfield>
    <subfield code="O">SISIS-Ausleihz&#228;hler Migrationsjahr: 0 | SISIS-Ausleihz&#228;hler Vor-Migrationsjahr: 0 | SISIS-Ausleihz&#228;hler vorletztes Migrationsjahr: 0 | SISIS-Vormerkz&#228;hler Migrationsjahr: 0 | SISIS-vorletztes R&#252;ckgabedatum: 2003-03-28</subfield>
    <subfield code="N">Altersbegrenzung: 0</subfield>
    <subfield code="a">2346023230006444</subfield>
    <subfield code="c">43 Z 013</subfield>
    <subfield code="W">2020-11-30 20:13:44</subfield>
    <subfield code="u">EUP</subfield>
    <subfield code="w">EUP</subfield>
  </datafield>
  <datafield tag="ITM" ind1=" " ind2=" ">
    <subfield code="H">2246023370006444</subfield>
    <subfield code="x">EUP_ZSMag</subfield>
    <subfield code="f">ISSBD</subfield>
    <subfield code="v">EUP_ZSMag</subfield>
    <subfield code="X">System</subfield>
    <subfield code="U">2020-11-30 10:59:00</subfield>
    <subfield code="Y">2020-11-30 20:14:20</subfield>
    <subfield code="h">false</subfield>
    <subfield code="P">ClassificationNo: 5000</subfield>
    <subfield code="G">1</subfield>
    <subfield code="Q">Fernleihkonditionen: 0</subfield>
    <subfield code="M">49HBZ_FHA</subfield>
    <subfield code="s">1</subfield>
    <subfield code="d">8</subfield>
    <subfield code="V">import</subfield>
    <subfield code="b">43 Z 013-2006</subfield>
    <subfield code="O">SISIS-Ausleihz&#228;hler Migrationsjahr: 0 | SISIS-Ausleihz&#228;hler Vor-Migrationsjahr: 0 | SISIS-Ausleihz&#228;hler vorletztes Migrationsjahr: 0 | SISIS-Vormerkz&#228;hler Migrationsjahr: 0</subfield>
    <subfield code="N">SISIS-Buchdaten-Aufnahmedatum: 2007-05-04 | Altersbegrenzung: 0</subfield>
    <subfield code="a">2346023140006444</subfield>
    <subfield code="c">43 Z 013</subfield>
    <subfield code="W">2020-11-30 20:13:44</subfield>
    <subfield code="u">EUP</subfield>
    <subfield code="w">EUP</subfield>
  </datafield>
  <datafield tag="ITM" ind1=" " ind2=" ">
    <subfield code="H">2246023120006444</subfield>
    <subfield code="x">EUP_ZSFrei</subfield>
    <subfield code="f">BOOK</subfield>
    <subfield code="v">EUP_ZSFrei</subfield>
    <subfield code="X">System</subfield>
    <subfield code="U">2020-11-30 10:59:00</subfield>
    <subfield code="Y">2020-11-30 20:14:20</subfield>
    <subfield code="h">false</subfield>
    <subfield code="G">1</subfield>
    <subfield code="Q">Fernleihkonditionen: 3</subfield>
    <subfield code="M">49HBZ_FHA</subfield>
    <subfield code="s">1</subfield>
    <subfield code="d">8</subfield>
    <subfield code="V">import</subfield>
    <subfield code="b">Heft_1720</subfield>
    <subfield code="O">SISIS-Ausleihz&#228;hler Migrationsjahr: 0 | SISIS-Ausleihz&#228;hler Vor-Migrationsjahr: 0 | SISIS-Ausleihz&#228;hler vorletztes Migrationsjahr: 0 | SISIS-Vormerkz&#228;hler Migrationsjahr: 0</subfield>
    <subfield code="N">SISIS-Buchdaten-Aufnahmedatum: 2020-01-13</subfield>
    <subfield code="a">2346023030006444</subfield>
    <subfield code="c">43 Z 013</subfield>
    <subfield code="q">66.2020,1</subfield>
    <subfield code="W">2020-11-30 20:13:44</subfield>
    <subfield code="u">EUP</subfield>
    <subfield code="w">EUP</subfield>
  </datafield>
  <datafield tag="ITM" ind1=" " ind2=" ">
    <subfield code="H">2246023120006444</subfield>
    <subfield code="x">EUP_ZSFrei</subfield>
    <subfield code="f">ISSBD</subfield>
    <subfield code="v">EUP_ZSFrei</subfield>
    <subfield code="X">System</subfield>
    <subfield code="U">2020-11-30 10:59:00</subfield>
    <subfield code="Y">2020-11-30 20:14:20</subfield>
    <subfield code="h">false</subfield>
    <subfield code="P">ClassificationNo: 5000</subfield>
    <subfield code="G">1</subfield>
    <subfield code="Q">Fernleihkonditionen: 2</subfield>
    <subfield code="M">49HBZ_FHA</subfield>
    <subfield code="s">1</subfield>
    <subfield code="d">8</subfield>
    <subfield code="V">import</subfield>
    <subfield code="b">43 Z 013-2014</subfield>
    <subfield code="O">SISIS-Ausleihz&#228;hler Migrationsjahr: 0 | SISIS-Ausleihz&#228;hler Vor-Migrationsjahr: 0 | SISIS-Ausleihz&#228;hler vorletztes Migrationsjahr: 0 | SISIS-Vormerkz&#228;hler Migrationsjahr: 0</subfield>
    <subfield code="N">SISIS-Buchdaten-Aufnahmedatum: 2015-02-09 | Altersbegrenzung: 0</subfield>
    <subfield code="a">2346023070006444</subfield>
    <subfield code="c">43 Z 013</subfield>
    <subfield code="W">2020-11-30 20:13:44</subfield>
    <subfield code="u">EUP</subfield>
    <subfield code="w">EUP</subfield>
  </datafield>
  <datafield tag="ITM" ind1=" " ind2=" ">
    <subfield code="H">2246023120006444</subfield>
    <subfield code="x">EUP_ZSFrei</subfield>
    <subfield code="f">ISSBD</subfield>
    <subfield code="v">EUP_ZSFrei</subfield>
    <subfield code="X">System</subfield>
    <subfield code="U">2020-11-30 10:59:00</subfield>
    <subfield code="Y">2020-11-30 20:14:20</subfield>
    <subfield code="h">false</subfield>
    <subfield code="P">ClassificationNo: 5000</subfield>
    <subfield code="G">1</subfield>
    <subfield code="Q">Fernleihkonditionen: 2</subfield>
    <subfield code="M">49HBZ_FHA</subfield>
    <subfield code="s">1</subfield>
    <subfield code="d">8</subfield>
    <subfield code="V">import</subfield>
    <subfield code="b">43 Z 013-2012</subfield>
    <subfield code="O">SISIS-Ausleihz&#228;hler Migrationsjahr: 0 | SISIS-Ausleihz&#228;hler Vor-Migrationsjahr: 0 | SISIS-Ausleihz&#228;hler vorletztes Migrationsjahr: 0 | SISIS-Vormerkz&#228;hler Migrationsjahr: 0</subfield>
    <subfield code="N">SISIS-Buchdaten-Aufnahmedatum: 2013-03-25 | Altersbegrenzung: 0</subfield>
    <subfield code="a">2346023090006444</subfield>
    <subfield code="c">43 Z 013</subfield>
    <subfield code="W">2020-11-30 20:13:44</subfield>
    <subfield code="u">EUP</subfield>
    <subfield code="w">EUP</subfield>
  </datafield>
  <datafield tag="ITM" ind1=" " ind2=" ">
    <subfield code="H">2246023120006444</subfield>
    <subfield code="x">EUP_ZSFrei</subfield>
    <subfield code="f">BOOK</subfield>
    <subfield code="v">EUP_ZSFrei</subfield>
    <subfield code="X">System</subfield>
    <subfield code="U">2020-11-30 10:59:00</subfield>
    <subfield code="Y">2020-11-30 20:14:20</subfield>
    <subfield code="h">false</subfield>
    <subfield code="G">1</subfield>
    <subfield code="Q">Fernleihkonditionen: 3</subfield>
    <subfield code="M">49HBZ_FHA</subfield>
    <subfield code="s">1</subfield>
    <subfield code="d">8</subfield>
    <subfield code="V">import</subfield>
    <subfield code="b">Heft_1722</subfield>
    <subfield code="O">SISIS-Ausleihz&#228;hler Migrationsjahr: 0 | SISIS-Ausleihz&#228;hler Vor-Migrationsjahr: 0 | SISIS-Ausleihz&#228;hler vorletztes Migrationsjahr: 0 | SISIS-Vormerkz&#228;hler Migrationsjahr: 0</subfield>
    <subfield code="N">SISIS-Buchdaten-Aufnahmedatum: 2020-03-17</subfield>
    <subfield code="a">2346023010006444</subfield>
    <subfield code="c">43 Z 013</subfield>
    <subfield code="q">66.2020,3</subfield>
    <subfield code="W">2020-11-30 20:13:44</subfield>
    <subfield code="u">EUP</subfield>
    <subfield code="w">EUP</subfield>
  </datafield>
  <datafield tag="ITM" ind1=" " ind2=" ">
    <subfield code="H">2246023370006444</subfield>
    <subfield code="x">EUP_ZSMag</subfield>
    <subfield code="f">ISSBD</subfield>
    <subfield code="v">EUP_ZSMag</subfield>
    <subfield code="X">System</subfield>
    <subfield code="U">2020-11-30 10:59:00</subfield>
    <subfield code="Y">2020-11-30 20:14:20</subfield>
    <subfield code="h">false</subfield>
    <subfield code="P">ClassificationNo: 5000</subfield>
    <subfield code="G">1</subfield>
    <subfield code="Q">Fernleihkonditionen: 0</subfield>
    <subfield code="M">49HBZ_FHA</subfield>
    <subfield code="s">1</subfield>
    <subfield code="d">8</subfield>
    <subfield code="V">import</subfield>
    <subfield code="b">43 Z 013-2000</subfield>
    <subfield code="O">SISIS-Ausleihz&#228;hler Migrationsjahr: 0 | SISIS-Ausleihz&#228;hler Vor-Migrationsjahr: 0 | SISIS-Ausleihz&#228;hler vorletztes Migrationsjahr: 0 | SISIS-Vormerkz&#228;hler Migrationsjahr: 0 | SISIS-vorletztes R&#252;ckgabedatum: 2003-07-02</subfield>
    <subfield code="N">Altersbegrenzung: 0</subfield>
    <subfield code="a">2346023200006444</subfield>
    <subfield code="c">43 Z 013</subfield>
    <subfield code="W">2020-11-30 20:13:44</subfield>
    <subfield code="u">EUP</subfield>
    <subfield code="w">EUP</subfield>
  </datafield>
  <datafield tag="ITM" ind1=" " ind2=" ">
    <subfield code="H">2255928200006444</subfield>
    <subfield code="x">BOX_ZSFrei</subfield>
    <subfield code="f">ISSUE</subfield>
    <subfield code="v">BOX_ZSFrei</subfield>
    <subfield code="X">hofko</subfield>
    <subfield code="U">2021-02-25 21:03:03</subfield>
    <subfield code="Y">2021-02-25 21:03:23</subfield>
    <subfield code="j">7</subfield>
    <subfield code="i">20</subfield>
    <subfield code="k">2020</subfield>
    <subfield code="M">49HBZ_FHA</subfield>
    <subfield code="s">1</subfield>
    <subfield code="d">8</subfield>
    <subfield code="V">hofko</subfield>
    <subfield code="a">2355928010006444</subfield>
    <subfield code="c">53 Z 112233</subfield>
    <subfield code="q">v.20:no.7(2020)</subfield>
    <subfield code="W">2021-02-25 20:45:24</subfield>
    <subfield code="u">BOX</subfield>
    <subfield code="w">BOX</subfield>
  </datafield>
  <datafield tag="ITM" ind1=" " ind2=" ">
    <subfield code="H">2246023370006444</subfield>
    <subfield code="x">EUP_ZSMag</subfield>
    <subfield code="f">ISSBD</subfield>
    <subfield code="v">EUP_ZSMag</subfield>
    <subfield code="X">System</subfield>
    <subfield code="U">2020-11-30 10:59:00</subfield>
    <subfield code="Y">2020-11-30 20:14:20</subfield>
    <subfield code="h">false</subfield>
    <subfield code="P">ClassificationNo: 5000</subfield>
    <subfield code="G">1</subfield>
    <subfield code="Q">Fernleihkonditionen: 0</subfield>
    <subfield code="M">49HBZ_FHA</subfield>
    <subfield code="s">1</subfield>
    <subfield code="d">8</subfield>
    <subfield code="V">import</subfield>
    <subfield code="b">43 Z 013-1999</subfield>
    <subfield code="O">SISIS-Ausleihz&#228;hler Migrationsjahr: 0 | SISIS-Ausleihz&#228;hler Vor-Migrationsjahr: 0 | SISIS-Ausleihz&#228;hler vorletztes Migrationsjahr: 0 | SISIS-Vormerkz&#228;hler Migrationsjahr: 0 | SISIS-vorletztes R&#252;ckgabedatum: 2002-09-24</subfield>
    <subfield code="N">Altersbegrenzung: 0</subfield>
    <subfield code="a">2346023210006444</subfield>
    <subfield code="c">43 Z 013</subfield>
    <subfield code="W">2020-11-30 20:13:44</subfield>
    <subfield code="u">EUP</subfield>
    <subfield code="w">EUP</subfield>
  </datafield>
  <datafield tag="ITM" ind1=" " ind2=" ">
    <subfield code="H">2246023370006444</subfield>
    <subfield code="x">EUP_ZSMag</subfield>
    <subfield code="f">ISSBD</subfield>
    <subfield code="v">EUP_ZSMag</subfield>
    <subfield code="X">System</subfield>
    <subfield code="U">2020-11-30 10:59:00</subfield>
    <subfield code="Y">2020-11-30 20:14:20</subfield>
    <subfield code="h">false</subfield>
    <subfield code="P">ClassificationNo: 5000</subfield>
    <subfield code="G">1</subfield>
    <subfield code="Q">Fernleihkonditionen: 0</subfield>
    <subfield code="M">49HBZ_FHA</subfield>
    <subfield code="s">1</subfield>
    <subfield code="d">8</subfield>
    <subfield code="V">import</subfield>
    <subfield code="b">43 Z 013-1998</subfield>
    <subfield code="O">SISIS-Ausleihz&#228;hler Migrationsjahr: 0 | SISIS-Ausleihz&#228;hler Vor-Migrationsjahr: 0 | SISIS-Ausleihz&#228;hler vorletztes Migrationsjahr: 0 | SISIS-Vormerkz&#228;hler Migrationsjahr: 0 | SISIS-vorletztes R&#252;ckgabedatum: 1999-04-22</subfield>
    <subfield code="N">Altersbegrenzung: 0</subfield>
    <subfield code="a">2346023220006444</subfield>
    <subfield code="c">43 Z 013</subfield>
    <subfield code="W">2020-11-30 20:13:44</subfield>
    <subfield code="u">EUP</subfield>
    <subfield code="w">EUP</subfield>
  </datafield>
  <datafield tag="ITM" ind1=" " ind2=" ">
    <subfield code="H">2255927820006444</subfield>
    <subfield code="x">BOX_ZSMag</subfield>
    <subfield code="f">ISSBD</subfield>
    <subfield code="v">BOX_ZSMag</subfield>
    <subfield code="X">hofko</subfield>
    <subfield code="U">2021-02-25 21:19:58</subfield>
    <subfield code="Y">2021-02-25 21:19:58</subfield>
    <subfield code="i">18</subfield>
    <subfield code="k">2018</subfield>
    <subfield code="M">49HBZ_FHA</subfield>
    <subfield code="s">0</subfield>
    <subfield code="d">8</subfield>
    <subfield code="V">hofko</subfield>
    <subfield code="b">53 Z 112233-2018,1</subfield>
    <subfield code="a">2355927830006444</subfield>
    <subfield code="c">53 Z 112233</subfield>
    <subfield code="r">WORK_ORDER_DEPARTMENT</subfield>
    <subfield code="q">18.2018</subfield>
    <subfield code="W">2021-02-25 21:08:59</subfield>
    <subfield code="u">BOX</subfield>
    <subfield code="w">BOX</subfield>
  </datafield>
  <datafield tag="ITM" ind1=" " ind2=" ">
    <subfield code="H">2255928200006444</subfield>
    <subfield code="x">BOX_ZSFrei</subfield>
    <subfield code="f">ISSUE</subfield>
    <subfield code="v">BOX_ZSFrei</subfield>
    <subfield code="X">hofko</subfield>
    <subfield code="U">2021-02-25 21:03:03</subfield>
    <subfield code="Y">2021-02-25 21:03:23</subfield>
    <subfield code="j">8</subfield>
    <subfield code="i">20</subfield>
    <subfield code="k">2020</subfield>
    <subfield code="M">49HBZ_FHA</subfield>
    <subfield code="s">1</subfield>
    <subfield code="d">8</subfield>
    <subfield code="V">hofko</subfield>
    <subfield code="a">2355928000006444</subfield>
    <subfield code="c">53 Z 112233</subfield>
    <subfield code="q">v.20:no.8(2020)</subfield>
    <subfield code="W">2021-02-25 20:45:24</subfield>
    <subfield code="u">BOX</subfield>
    <subfield code="w">BOX</subfield>
  </datafield>
  <datafield tag="ITM" ind1=" " ind2=" ">
    <subfield code="H">2255928200006444</subfield>
    <subfield code="x">BOX_ZSFrei</subfield>
    <subfield code="f">ISSUE</subfield>
    <subfield code="v">BOX_ZSFrei</subfield>
    <subfield code="X">hofko</subfield>
    <subfield code="U">2021-02-25 21:20:56</subfield>
    <subfield code="Y">2021-02-25 21:21:15</subfield>
    <subfield code="j">11</subfield>
    <subfield code="i">19</subfield>
    <subfield code="k">2019</subfield>
    <subfield code="M">49HBZ_FHA</subfield>
    <subfield code="s">1</subfield>
    <subfield code="d">8</subfield>
    <subfield code="V">hofko</subfield>
    <subfield code="a">2355928090006444</subfield>
    <subfield code="c">53 Z 112233</subfield>
    <subfield code="q">v.19:no.11(2019)</subfield>
    <subfield code="W">2021-02-25 20:44:54</subfield>
    <subfield code="u">BOX</subfield>
    <subfield code="w">BOX</subfield>
  </datafield>
  <datafield tag="ITM" ind1=" " ind2=" ">
    <subfield code="H">2255928200006444</subfield>
    <subfield code="x">BOX_ZSFrei</subfield>
    <subfield code="f">ISSUE</subfield>
    <subfield code="v">BOX_ZSFrei</subfield>
    <subfield code="X">hofko</subfield>
    <subfield code="U">2021-02-25 21:20:56</subfield>
    <subfield code="Y">2021-02-25 21:21:15</subfield>
    <subfield code="j">12</subfield>
    <subfield code="i">19</subfield>
    <subfield code="k">2019</subfield>
    <subfield code="M">49HBZ_FHA</subfield>
    <subfield code="s">1</subfield>
    <subfield code="d">8</subfield>
    <subfield code="V">hofko</subfield>
    <subfield code="a">2355928080006444</subfield>
    <subfield code="c">53 Z 112233</subfield>
    <subfield code="q">v.19:no.12(2019)</subfield>
    <subfield code="W">2021-02-25 20:44:54</subfield>
    <subfield code="u">BOX</subfield>
    <subfield code="w">BOX</subfield>
  </datafield>
  <datafield tag="ITM" ind1=" " ind2=" ">
    <subfield code="H">2255927820006444</subfield>
    <subfield code="x">BOX_ZSMag</subfield>
    <subfield code="f">ISSBD</subfield>
    <subfield code="v">BOX_ZSMag</subfield>
    <subfield code="X">hofko</subfield>
    <subfield code="U">2021-03-02 12:19:36</subfield>
    <subfield code="Y">2021-03-02 13:14:01</subfield>
    <subfield code="i">20</subfield>
    <subfield code="k">2020</subfield>
    <subfield code="M">49HBZ_FHA</subfield>
    <subfield code="s">1</subfield>
    <subfield code="d">8</subfield>
    <subfield code="V">hofko</subfield>
    <subfield code="b">53 Z 112233-2020,1</subfield>
    <subfield code="a">2355917890006444</subfield>
    <subfield code="c">53 Z 112233</subfield>
    <subfield code="q">20.2020</subfield>
    <subfield code="W">2021-03-02 12:17:55</subfield>
    <subfield code="u">BOX</subfield>
    <subfield code="w">BOX</subfield>
  </datafield>
  <datafield tag="ITM" ind1=" " ind2=" ">
    <subfield code="H">2246023370006444</subfield>
    <subfield code="x">EUP_ZSMag</subfield>
    <subfield code="f">ISSBD</subfield>
    <subfield code="v">EUP_ZSMag</subfield>
    <subfield code="X">System</subfield>
    <subfield code="U">2020-11-30 10:59:00</subfield>
    <subfield code="Y">2020-11-30 20:14:20</subfield>
    <subfield code="h">false</subfield>
    <subfield code="P">ClassificationNo: 5000</subfield>
    <subfield code="G">1</subfield>
    <subfield code="Q">Fernleihkonditionen: 0</subfield>
    <subfield code="M">49HBZ_FHA</subfield>
    <subfield code="s">1</subfield>
    <subfield code="d">8</subfield>
    <subfield code="V">import</subfield>
    <subfield code="b">43 Z 013-1992</subfield>
    <subfield code="O">SISIS-Ausleihz&#228;hler Migrationsjahr: 0 | SISIS-Ausleihz&#228;hler Vor-Migrationsjahr: 0 | SISIS-Ausleihz&#228;hler vorletztes Migrationsjahr: 0 | SISIS-Vormerkz&#228;hler Migrationsjahr: 0</subfield>
    <subfield code="N">Altersbegrenzung: 0</subfield>
    <subfield code="a">2346023280006444</subfield>
    <subfield code="c">43 Z 013</subfield>
    <subfield code="W">2020-11-30 20:13:44</subfield>
    <subfield code="u">EUP</subfield>
    <subfield code="w">EUP</subfield>
  </datafield>
  <datafield tag="ITM" ind1=" " ind2=" ">
    <subfield code="H">2255927820006444</subfield>
    <subfield code="x">BOX_ZSMag</subfield>
    <subfield code="f">ISSBD</subfield>
    <subfield code="v">BOX_ZSMag</subfield>
    <subfield code="X">hofko</subfield>
    <subfield code="U">2021-02-26 16:15:31</subfield>
    <subfield code="Y">2021-02-26 16:15:32</subfield>
    <subfield code="i">18</subfield>
    <subfield code="k">2018</subfield>
    <subfield code="M">49HBZ_FHA</subfield>
    <subfield code="s">0</subfield>
    <subfield code="d">8</subfield>
    <subfield code="V">hofko</subfield>
    <subfield code="b">53 Z 112233-2018,2</subfield>
    <subfield code="a">2355937590006444</subfield>
    <subfield code="c">53 Z 112233</subfield>
    <subfield code="r">WORK_ORDER_DEPARTMENT</subfield>
    <subfield code="q">18.2018</subfield>
    <subfield code="W">2021-02-26 16:15:11</subfield>
    <subfield code="u">BOX</subfield>
    <subfield code="w">BOX</subfield>
  </datafield>
  <datafield tag="ITM" ind1=" " ind2=" ">
    <subfield code="H">2246023370006444</subfield>
    <subfield code="x">EUP_ZSMag</subfield>
    <subfield code="f">ISSBD</subfield>
    <subfield code="v">EUP_ZSMag</subfield>
    <subfield code="X">System</subfield>
    <subfield code="U">2020-11-30 10:59:00</subfield>
    <subfield code="Y">2020-11-30 20:14:20</subfield>
    <subfield code="h">false</subfield>
    <subfield code="P">ClassificationNo: 5000</subfield>
    <subfield code="G">1</subfield>
    <subfield code="Q">Fernleihkonditionen: 0</subfield>
    <subfield code="M">49HBZ_FHA</subfield>
    <subfield code="s">1</subfield>
    <subfield code="d">8</subfield>
    <subfield code="V">import</subfield>
    <subfield code="b">43 Z 013-2008</subfield>
    <subfield code="O">SISIS-Ausleihz&#228;hler Migrationsjahr: 0 | SISIS-Ausleihz&#228;hler Vor-Migrationsjahr: 0 | SISIS-Ausleihz&#228;hler vorletztes Migrationsjahr: 0 | SISIS-Vormerkz&#228;hler Migrationsjahr: 0 | SISIS-vorletztes R&#252;ckgabedatum: 2009-09-18</subfield>
    <subfield code="N">SISIS-Buchdaten-Aufnahmedatum: 2009-09-17 | Altersbegrenzung: 0</subfield>
    <subfield code="a">2346023350006444</subfield>
    <subfield code="c">43 Z 013</subfield>
    <subfield code="W">2020-11-30 20:13:44</subfield>
    <subfield code="u">EUP</subfield>
    <subfield code="w">EUP</subfield>
  </datafield>
  <datafield tag="ITM" ind1=" " ind2=" ">
    <subfield code="H">2246023370006444</subfield>
    <subfield code="x">EUP_ZSMag</subfield>
    <subfield code="f">ISSBD</subfield>
    <subfield code="v">EUP_ZSMag</subfield>
    <subfield code="X">System</subfield>
    <subfield code="U">2020-11-30 10:59:00</subfield>
    <subfield code="Y">2020-11-30 20:14:21</subfield>
    <subfield code="h">false</subfield>
    <subfield code="P">ClassificationNo: 5000</subfield>
    <subfield code="G">1</subfield>
    <subfield code="Q">Fernleihkonditionen: 0</subfield>
    <subfield code="M">49HBZ_FHA</subfield>
    <subfield code="s">1</subfield>
    <subfield code="d">8</subfield>
    <subfield code="V">import</subfield>
    <subfield code="b">43 Z 013-2003</subfield>
    <subfield code="O">SISIS-Ausleihz&#228;hler Migrationsjahr: 0 | SISIS-Ausleihz&#228;hler Vor-Migrationsjahr: 0 | SISIS-Ausleihz&#228;hler vorletztes Migrationsjahr: 0 | SISIS-Vormerkz&#228;hler Migrationsjahr: 0 | SISIS-vorletztes R&#252;ckgabedatum: 2005-03-31</subfield>
    <subfield code="N">Altersbegrenzung: 0</subfield>
    <subfield code="a">2346023170006444</subfield>
    <subfield code="c">43 Z 013</subfield>
    <subfield code="W">2020-11-30 20:13:44</subfield>
    <subfield code="u">EUP</subfield>
    <subfield code="w">EUP</subfield>
  </datafield>
  <datafield tag="ITM" ind1=" " ind2=" ">
    <subfield code="H">2246023370006444</subfield>
    <subfield code="x">EUP_ZSMag</subfield>
    <subfield code="f">ISSBD</subfield>
    <subfield code="v">EUP_ZSMag</subfield>
    <subfield code="X">System</subfield>
    <subfield code="U">2020-11-30 10:59:00</subfield>
    <subfield code="Y">2020-11-30 20:14:20</subfield>
    <subfield code="h">false</subfield>
    <subfield code="P">ClassificationNo: 5000</subfield>
    <subfield code="G">1</subfield>
    <subfield code="Q">Fernleihkonditionen: 0</subfield>
    <subfield code="M">49HBZ_FHA</subfield>
    <subfield code="s">1</subfield>
    <subfield code="d">8</subfield>
    <subfield code="V">import</subfield>
    <subfield code="b">43 Z 013-1994</subfield>
    <subfield code="O">SISIS-Ausleihz&#228;hler Migrationsjahr: 0 | SISIS-Ausleihz&#228;hler Vor-Migrationsjahr: 0 | SISIS-Ausleihz&#228;hler vorletztes Migrationsjahr: 0 | SISIS-Vormerkz&#228;hler Migrationsjahr: 0 | SISIS-vorletztes R&#252;ckgabedatum: 1996-04-04</subfield>
    <subfield code="N">Altersbegrenzung: 0</subfield>
    <subfield code="a">2346023260006444</subfield>
    <subfield code="c">43 Z 013</subfield>
    <subfield code="W">2020-11-30 20:13:44</subfield>
    <subfield code="u">EUP</subfield>
    <subfield code="w">EUP</subfield>
  </datafield>
  <datafield tag="ITM" ind1=" " ind2=" ">
    <subfield code="H">2246023370006444</subfield>
    <subfield code="x">EUP_ZSMag</subfield>
    <subfield code="f">ISSBD</subfield>
    <subfield code="v">EUP_ZSMag</subfield>
    <subfield code="X">System</subfield>
    <subfield code="U">2020-11-30 10:59:00</subfield>
    <subfield code="Y">2020-11-30 20:14:20</subfield>
    <subfield code="h">false</subfield>
    <subfield code="P">ClassificationNo: 5000</subfield>
    <subfield code="G">1</subfield>
    <subfield code="Q">Fernleihkonditionen: 0</subfield>
    <subfield code="M">49HBZ_FHA</subfield>
    <subfield code="s">1</subfield>
    <subfield code="d">8</subfield>
    <subfield code="V">import</subfield>
    <subfield code="b">43 Z 013-2005</subfield>
    <subfield code="O">SISIS-Ausleihz&#228;hler Migrationsjahr: 0 | SISIS-Ausleihz&#228;hler Vor-Migrationsjahr: 0 | SISIS-Ausleihz&#228;hler vorletztes Migrationsjahr: 0 | SISIS-Vormerkz&#228;hler Migrationsjahr: 0 | SISIS-vorletztes R&#252;ckgabedatum: 2006-03-09</subfield>
    <subfield code="N">SISIS-Buchdaten-Aufnahmedatum: 2006-03-08 | Altersbegrenzung: 0</subfield>
    <subfield code="a">2346023150006444</subfield>
    <subfield code="c">43 Z 013</subfield>
    <subfield code="W">2020-11-30 20:13:44</subfield>
    <subfield code="u">EUP</subfield>
    <subfield code="w">EUP</subfield>
  </datafield>
  <datafield tag="ITM" ind1=" " ind2=" ">
    <subfield code="H">2246023370006444</subfield>
    <subfield code="x">EUP_ZSMag</subfield>
    <subfield code="f">ISSBD</subfield>
    <subfield code="v">EUP_ZSMag</subfield>
    <subfield code="X">System</subfield>
    <subfield code="U">2020-11-30 10:59:00</subfield>
    <subfield code="Y">2020-11-30 20:14:20</subfield>
    <subfield code="h">false</subfield>
    <subfield code="P">ClassificationNo: 5000</subfield>
    <subfield code="G">1</subfield>
    <subfield code="Q">Fernleihkonditionen: 0</subfield>
    <subfield code="M">49HBZ_FHA</subfield>
    <subfield code="s">1</subfield>
    <subfield code="d">8</subfield>
    <subfield code="V">import</subfield>
    <subfield code="b">43 Z 013-2001</subfield>
    <subfield code="O">SISIS-Ausleihz&#228;hler Migrationsjahr: 0 | SISIS-Ausleihz&#228;hler Vor-Migrationsjahr: 0 | SISIS-Ausleihz&#228;hler vorletztes Migrationsjahr: 0 | SISIS-Vormerkz&#228;hler Migrationsjahr: 0 | SISIS-vorletztes R&#252;ckgabedatum: 2006-10-25</subfield>
    <subfield code="N">Altersbegrenzung: 0</subfield>
    <subfield code="a">2346023190006444</subfield>
    <subfield code="c">43 Z 013</subfield>
    <subfield code="W">2020-11-30 20:13:44</subfield>
    <subfield code="u">EUP</subfield>
    <subfield code="w">EUP</subfield>
  </datafield>
  <datafield tag="ITM" ind1=" " ind2=" ">
    <subfield code="H">2246023370006444</subfield>
    <subfield code="x">EUP_ZSMag</subfield>
    <subfield code="f">ISSBD</subfield>
    <subfield code="v">EUP_ZSMag</subfield>
    <subfield code="X">System</subfield>
    <subfield code="U">2020-11-30 10:59:00</subfield>
    <subfield code="Y">2020-11-30 20:14:20</subfield>
    <subfield code="h">false</subfield>
    <subfield code="P">ClassificationNo: 5000</subfield>
    <subfield code="G">1</subfield>
    <subfield code="Q">Fernleihkonditionen: 0</subfield>
    <subfield code="M">49HBZ_FHA</subfield>
    <subfield code="s">1</subfield>
    <subfield code="d">8</subfield>
    <subfield code="V">import</subfield>
    <subfield code="b">43 Z 013-1996</subfield>
    <subfield code="O">SISIS-Ausleihz&#228;hler Migrationsjahr: 0 | SISIS-Ausleihz&#228;hler Vor-Migrationsjahr: 0 | SISIS-Ausleihz&#228;hler vorletztes Migrationsjahr: 0 | SISIS-Vormerkz&#228;hler Migrationsjahr: 0 | SISIS-vorletztes R&#252;ckgabedatum: 1998-12-21</subfield>
    <subfield code="N">Altersbegrenzung: 0</subfield>
    <subfield code="a">2346023240006444</subfield>
    <subfield code="c">43 Z 013</subfield>
    <subfield code="W">2020-11-30 20:13:44</subfield>
    <subfield code="u">EUP</subfield>
    <subfield code="w">EUP</subfield>
  </datafield>
  <datafield tag="ITM" ind1=" " ind2=" ">
    <subfield code="H">2246023370006444</subfield>
    <subfield code="x">EUP_ZSMag</subfield>
    <subfield code="f">ISSBD</subfield>
    <subfield code="v">EUP_ZSMag</subfield>
    <subfield code="X">System</subfield>
    <subfield code="U">2020-11-30 10:59:00</subfield>
    <subfield code="Y">2020-11-30 20:14:20</subfield>
    <subfield code="h">false</subfield>
    <subfield code="P">ClassificationNo: 5000</subfield>
    <subfield code="G">1</subfield>
    <subfield code="Q">Fernleihkonditionen: 0</subfield>
    <subfield code="M">49HBZ_FHA</subfield>
    <subfield code="s">1</subfield>
    <subfield code="d">8</subfield>
    <subfield code="V">import</subfield>
    <subfield code="b">43 Z 013-2009</subfield>
    <subfield code="O">SISIS-Ausleihz&#228;hler Migrationsjahr: 0 | SISIS-Ausleihz&#228;hler Vor-Migrationsjahr: 0 | SISIS-Ausleihz&#228;hler vorletztes Migrationsjahr: 0 | SISIS-Vormerkz&#228;hler Migrationsjahr: 0 | SISIS-vorletztes R&#252;ckgabedatum: 2011-02-22</subfield>
    <subfield code="N">SISIS-Buchdaten-Aufnahmedatum: 2011-02-22 | Altersbegrenzung: 0</subfield>
    <subfield code="a">2346023130006444</subfield>
    <subfield code="c">43 Z 013</subfield>
    <subfield code="W">2020-11-30 20:13:44</subfield>
    <subfield code="u">EUP</subfield>
    <subfield code="w">EUP</subfield>
  </datafield>
  <datafield tag="ITM" ind1=" " ind2=" ">
    <subfield code="H">2246023120006444</subfield>
    <subfield code="x">EUP_ZSFrei</subfield>
    <subfield code="f">BOOK</subfield>
    <subfield code="v">EUP_ZSFrei</subfield>
    <subfield code="X">System</subfield>
    <subfield code="U">2020-11-30 10:59:00</subfield>
    <subfield code="Y">2020-11-30 20:14:20</subfield>
    <subfield code="h">false</subfield>
    <subfield code="G">1</subfield>
    <subfield code="Q">Fernleihkonditionen: 3</subfield>
    <subfield code="M">49HBZ_FHA</subfield>
    <subfield code="s">1</subfield>
    <subfield code="d">8</subfield>
    <subfield code="V">import</subfield>
    <subfield code="b">Heft_1723</subfield>
    <subfield code="O">SISIS-Ausleihz&#228;hler Migrationsjahr: 0 | SISIS-Ausleihz&#228;hler Vor-Migrationsjahr: 0 | SISIS-Ausleihz&#228;hler vorletztes Migrationsjahr: 0 | SISIS-Vormerkz&#228;hler Migrationsjahr: 0</subfield>
    <subfield code="N">SISIS-Buchdaten-Aufnahmedatum: 2020-04-20</subfield>
    <subfield code="a">2346023000006444</subfield>
    <subfield code="c">43 Z 013</subfield>
    <subfield code="q">66.2020,4</subfield>
    <subfield code="W">2020-11-30 20:13:44</subfield>
    <subfield code="u">EUP</subfield>
    <subfield code="w">EUP</subfield>
  </datafield>
  <datafield tag="ITM" ind1=" " ind2=" ">
    <subfield code="H">2246023120006444</subfield>
    <subfield code="x">EUP_ZSFrei</subfield>
    <subfield code="f">BOOK</subfield>
    <subfield code="v">EUP_ZSFrei</subfield>
    <subfield code="X">System</subfield>
    <subfield code="U">2020-11-30 10:59:00</subfield>
    <subfield code="Y">2020-11-30 20:14:20</subfield>
    <subfield code="h">false</subfield>
    <subfield code="G">1</subfield>
    <subfield code="Q">Fernleihkonditionen: 3</subfield>
    <subfield code="M">49HBZ_FHA</subfield>
    <subfield code="s">1</subfield>
    <subfield code="d">8</subfield>
    <subfield code="V">import</subfield>
    <subfield code="b">Heft_1721</subfield>
    <subfield code="O">SISIS-Ausleihz&#228;hler Migrationsjahr: 0 | SISIS-Ausleihz&#228;hler Vor-Migrationsjahr: 0 | SISIS-Ausleihz&#228;hler vorletztes Migrationsjahr: 0 | SISIS-Vormerkz&#228;hler Migrationsjahr: 0</subfield>
    <subfield code="N">SISIS-Buchdaten-Aufnahmedatum: 2020-02-17</subfield>
    <subfield code="a">2346023020006444</subfield>
    <subfield code="c">43 Z 013</subfield>
    <subfield code="q">66.2020,2</subfield>
    <subfield code="W">2020-11-30 20:13:44</subfield>
    <subfield code="u">EUP</subfield>
    <subfield code="w">EUP</subfield>
  </datafield>
  <datafield tag="ITM" ind1=" " ind2=" ">
    <subfield code="H">2246023120006444</subfield>
    <subfield code="x">EUP_ZSFrei</subfield>
    <subfield code="f">ISSBD</subfield>
    <subfield code="v">EUP_ZSFrei</subfield>
    <subfield code="X">System</subfield>
    <subfield code="U">2020-11-30 10:59:00</subfield>
    <subfield code="Y">2020-11-30 20:14:20</subfield>
    <subfield code="h">false</subfield>
    <subfield code="P">ClassificationNo: 5000</subfield>
    <subfield code="G">1</subfield>
    <subfield code="Q">Fernleihkonditionen: 2</subfield>
    <subfield code="M">49HBZ_FHA</subfield>
    <subfield code="s">1</subfield>
    <subfield code="d">8</subfield>
    <subfield code="V">import</subfield>
    <subfield code="b">43 Z 013-2016</subfield>
    <subfield code="O">SISIS-Ausleihz&#228;hler Migrationsjahr: 0 | SISIS-Ausleihz&#228;hler Vor-Migrationsjahr: 0 | SISIS-Ausleihz&#228;hler vorletztes Migrationsjahr: 0 | SISIS-Vormerkz&#228;hler Migrationsjahr: 0</subfield>
    <subfield code="N">SISIS-Buchdaten-Aufnahmedatum: 2017-03-29 | Altersbegrenzung: 0</subfield>
    <subfield code="a">2346023040006444</subfield>
    <subfield code="c">43 Z 013</subfield>
    <subfield code="W">2020-11-30 20:13:44</subfield>
    <subfield code="u">EUP</subfield>
    <subfield code="w">EUP</subfield>
  </datafield>
  <datafield tag="ITM" ind1=" " ind2=" ">
    <subfield code="H">2246023120006444</subfield>
    <subfield code="x">EUP_ZSFrei</subfield>
    <subfield code="f">ISSBD</subfield>
    <subfield code="v">EUP_ZSFrei</subfield>
    <subfield code="X">System</subfield>
    <subfield code="U">2020-11-30 10:59:00</subfield>
    <subfield code="Y">2020-11-30 20:14:20</subfield>
    <subfield code="h">false</subfield>
    <subfield code="P">ClassificationNo: 5000</subfield>
    <subfield code="G">1</subfield>
    <subfield code="Q">Fernleihkonditionen: 2</subfield>
    <subfield code="M">49HBZ_FHA</subfield>
    <subfield code="s">1</subfield>
    <subfield code="d">8</subfield>
    <subfield code="V">import</subfield>
    <subfield code="b">43 Z 013-2015</subfield>
    <subfield code="O">SISIS-Ausleihz&#228;hler Migrationsjahr: 0 | SISIS-Ausleihz&#228;hler Vor-Migrationsjahr: 0 | SISIS-Ausleihz&#228;hler vorletztes Migrationsjahr: 0 | SISIS-Vormerkz&#228;hler Migrationsjahr: 0</subfield>
    <subfield code="N">SISIS-Buchdaten-Aufnahmedatum: 2016-03-22 | Altersbegrenzung: 0</subfield>
    <subfield code="a">2346023060006444</subfield>
    <subfield code="c">43 Z 013</subfield>
    <subfield code="W">2020-11-30 20:13:44</subfield>
    <subfield code="u">EUP</subfield>
    <subfield code="w">EUP</subfield>
  </datafield>
  <datafield tag="ITM" ind1=" " ind2=" ">
    <subfield code="H">2246023120006444</subfield>
    <subfield code="x">EUP_ZSFrei</subfield>
    <subfield code="f">ISSBD</subfield>
    <subfield code="v">EUP_ZSFrei</subfield>
    <subfield code="X">System</subfield>
    <subfield code="U">2020-11-30 10:59:00</subfield>
    <subfield code="Y">2020-11-30 20:14:20</subfield>
    <subfield code="h">false</subfield>
    <subfield code="P">ClassificationNo: 5000</subfield>
    <subfield code="G">1</subfield>
    <subfield code="Q">Fernleihkonditionen: 2</subfield>
    <subfield code="M">49HBZ_FHA</subfield>
    <subfield code="s">1</subfield>
    <subfield code="d">8</subfield>
    <subfield code="V">import</subfield>
    <subfield code="b">43 Z 013-2013</subfield>
    <subfield code="O">SISIS-Ausleihz&#228;hler Migrationsjahr: 0 | SISIS-Ausleihz&#228;hler Vor-Migrationsjahr: 0 | SISIS-Ausleihz&#228;hler vorletztes Migrationsjahr: 0 | SISIS-Vormerkz&#228;hler Migrationsjahr: 0</subfield>
    <subfield code="N">SISIS-Buchdaten-Aufnahmedatum: 2014-03-24 | Altersbegrenzung: 0</subfield>
    <subfield code="a">2346023080006444</subfield>
    <subfield code="c">43 Z 013</subfield>
    <subfield code="W">2020-11-30 20:13:44</subfield>
    <subfield code="u">EUP</subfield>
    <subfield code="w">EUP</subfield>
  </datafield>
  <datafield tag="H16" ind1="7" ind2=" ">
    <subfield code="a">626229-6</subfield>
    <subfield code="2">DE-600</subfield>
    <subfield code="8">2297240250006445</subfield>
  </datafield>
  <datafield tag="H35" ind1=" " ind2=" ">
    <subfield code="a">(DE-600)033782849</subfield>
    <subfield code="8">2297240250006445</subfield>
  </datafield>
  <datafield tag="H35" ind1=" " ind2=" ">
    <subfield code="a">(DE-290)033782849-49hbz_ubd</subfield>
    <subfield code="8">2297240250006445</subfield>
  </datafield>
  <datafield tag="H92" ind1=" " ind2=" ">
    <subfield code="a">463000-2</subfield>
    <subfield code="d">290</subfield>
    <subfield code="k">NRW</subfield>
    <subfield code="l">a</subfield>
    <subfield code="o">c</subfield>
    <subfield code="8">2297240250006445</subfield>
  </datafield>
  <datafield tag="H52" ind1=" " ind2=" ">
    <subfield code="b">ZB</subfield>
    <subfield code="c">ZS</subfield>
    <subfield code="8">1</subfield>
    <subfield code="h">ZF 1419</subfield>
    <subfield code="9">00</subfield>
    <subfield code="8">2297240250006445</subfield>
  </datafield>
  <datafield tag="H59" ind1="0" ind2="0">
    <subfield code="8">1.1\x</subfield>
    <subfield code="a">32</subfield>
    <subfield code="i">1986</subfield>
    <subfield code="8">2297240250006445</subfield>
  </datafield>
  <datafield tag="H59" ind1="1" ind2="0">
    <subfield code="8">1.2\x</subfield>
    <subfield code="a">57</subfield>
    <subfield code="i">2011</subfield>
    <subfield code="8">2297240250006445</subfield>
  </datafield>
  <datafield tag="H66" ind1="3" ind2="0">
    <subfield code="a">32.1986 - 57.2011</subfield>
    <subfield code="8">2297240250006445</subfield>
  </datafield>
  <datafield tag="HOL" ind1=" " ind2=" ">
    <subfield code="b">2020-11-26 20:35:09</subfield>
    <subfield code="8">2297240250006445</subfield>
    <subfield code="M">49HBZ_UBD</subfield>
    <subfield code="g">false</subfield>
    <subfield code="a">import</subfield>
  </datafield>
  <datafield tag="H16" ind1="7" ind2=" ">
    <subfield code="a">626229-6</subfield>
    <subfield code="2">DE-600</subfield>
    <subfield code="8">22213493510006446</subfield>
  </datafield>
  <datafield tag="H35" ind1=" " ind2=" ">
    <subfield code="a">(DE-600)033782911</subfield>
    <subfield code="8">22213493510006446</subfield>
  </datafield>
  <datafield tag="H92" ind1=" " ind2=" ">
    <subfield code="a">432000-1</subfield>
    <subfield code="k">NRW</subfield>
    <subfield code="l">a</subfield>
    <subfield code="o">b</subfield>
    <subfield code="p">x</subfield>
    <subfield code="8">22213493510006446</subfield>
  </datafield>
  <datafield tag="H52" ind1="8" ind2="1">
    <subfield code="a">DE-465</subfield>
    <subfield code="b">E0001</subfield>
    <subfield code="c">E06</subfield>
    <subfield code="h">49 Z 345</subfield>
    <subfield code="8">22213493510006446</subfield>
  </datafield>
  <datafield tag="H59" ind1="0" ind2="0">
    <subfield code="8">1.1\x</subfield>
    <subfield code="a">32</subfield>
    <subfield code="i">1986</subfield>
    <subfield code="8">22213493510006446</subfield>
  </datafield>
  <datafield tag="H59" ind1="1" ind2="0">
    <subfield code="8">1.2\x</subfield>
    <subfield code="a">35</subfield>
    <subfield code="i">1989</subfield>
    <subfield code="8">22213493510006446</subfield>
  </datafield>
  <datafield tag="H66" ind1="3" ind2="0">
    <subfield code="a">32.1986 - 35.1989</subfield>
    <subfield code="8">22213493510006446</subfield>
  </datafield>
  <datafield tag="HOL" ind1=" " ind2=" ">
    <subfield code="b">2020-11-17 21:29:02</subfield>
    <subfield code="8">22213493510006446</subfield>
    <subfield code="M">49HBZ_UDE</subfield>
    <subfield code="g">false</subfield>
    <subfield code="a">import</subfield>
  </datafield>
  <datafield tag="H16" ind1="7" ind2=" ">
    <subfield code="a">626229-6</subfield>
    <subfield code="2">DE-600</subfield>
    <subfield code="8">22213493180006446</subfield>
  </datafield>
  <datafield tag="H35" ind1=" " ind2=" ">
    <subfield code="a">(DE-600)033782903</subfield>
    <subfield code="8">22213493180006446</subfield>
  </datafield>
  <datafield tag="H92" ind1=" " ind2=" ">
    <subfield code="a">411000-6</subfield>
    <subfield code="k">NRW</subfield>
    <subfield code="l">a</subfield>
    <subfield code="o">b</subfield>
    <subfield code="p">x</subfield>
    <subfield code="8">22213493180006446</subfield>
  </datafield>
  <datafield tag="H52" ind1="8" ind2="1">
    <subfield code="a">DE-464</subfield>
    <subfield code="b">D0001</subfield>
    <subfield code="c">D00</subfield>
    <subfield code="h">49 Z 214</subfield>
    <subfield code="8">22213493180006446</subfield>
  </datafield>
  <datafield tag="H59" ind1="0" ind2="0">
    <subfield code="8">1.1\x</subfield>
    <subfield code="a">32</subfield>
    <subfield code="i">1986</subfield>
    <subfield code="8">22213493180006446</subfield>
  </datafield>
  <datafield tag="H59" ind1="1" ind2="0">
    <subfield code="8">1.2\x</subfield>
    <subfield code="a">51</subfield>
    <subfield code="i">2005</subfield>
    <subfield code="8">22213493180006446</subfield>
  </datafield>
  <datafield tag="H66" ind1="3" ind2="0">
    <subfield code="a">32.1986 - 51.2005</subfield>
    <subfield code="8">22213493180006446</subfield>
  </datafield>
  <datafield tag="HOL" ind1=" " ind2=" ">
    <subfield code="b">2020-11-17 21:29:02</subfield>
    <subfield code="8">22213493180006446</subfield>
    <subfield code="M">49HBZ_UDE</subfield>
    <subfield code="g">false</subfield>
    <subfield code="a">import</subfield>
  </datafield>
  <datafield tag="H16" ind1="7" ind2=" ">
    <subfield code="a">626229-6</subfield>
    <subfield code="2">DE-600</subfield>
    <subfield code="8">22213493100006446</subfield>
  </datafield>
  <datafield tag="H35" ind1=" " ind2=" ">
    <subfield code="a">(DE-600)281666369</subfield>
    <subfield code="8">22213493100006446</subfield>
  </datafield>
  <datafield tag="H92" ind1=" " ind2=" ">
    <subfield code="a">432000-1</subfield>
    <subfield code="k">NRW</subfield>
    <subfield code="l">a</subfield>
    <subfield code="o">b</subfield>
    <subfield code="p">x</subfield>
    <subfield code="8">22213493100006446</subfield>
  </datafield>
  <datafield tag="H52" ind1="8" ind2="1">
    <subfield code="a">DE-465</subfield>
    <subfield code="b">E0001</subfield>
    <subfield code="c">E20</subfield>
    <subfield code="h">49 Z 345</subfield>
    <subfield code="8">22213493100006446</subfield>
  </datafield>
  <datafield tag="H59" ind1="0" ind2="1">
    <subfield code="8">1.1\x</subfield>
    <subfield code="a">36</subfield>
    <subfield code="i">1990</subfield>
    <subfield code="8">22213493100006446</subfield>
  </datafield>
  <datafield tag="H66" ind1="3" ind2="0">
    <subfield code="a">36.1990 -</subfield>
    <subfield code="8">22213493100006446</subfield>
  </datafield>
  <datafield tag="HOL" ind1=" " ind2=" ">
    <subfield code="b">2020-11-17 21:29:02</subfield>
    <subfield code="8">22213493100006446</subfield>
    <subfield code="M">49HBZ_UDE</subfield>
    <subfield code="g">false</subfield>
    <subfield code="a">import</subfield>
  </datafield>
  <datafield tag="ITM" ind1=" " ind2=" ">
    <subfield code="H">22213493510006446</subfield>
    <subfield code="x">E06</subfield>
    <subfield code="f">ISSBD</subfield>
    <subfield code="v">E06</subfield>
    <subfield code="p">30</subfield>
    <subfield code="X">System</subfield>
    <subfield code="U">2006-02-14 10:59:00</subfield>
    <subfield code="Y">2020-11-17 21:30:55</subfield>
    <subfield code="h">false</subfield>
    <subfield code="e">00001</subfield>
    <subfield code="n">49Z345</subfield>
    <subfield code="P">07/d//o</subfield>
    <subfield code="j">1</subfield>
    <subfield code="i">51</subfield>
    <subfield code="k">2005</subfield>
    <subfield code="M">49HBZ_UDE</subfield>
    <subfield code="s">1</subfield>
    <subfield code="d">8</subfield>
    <subfield code="V">import</subfield>
    <subfield code="b">881511-281</subfield>
    <subfield code="a">23213493480006446</subfield>
    <subfield code="t">p</subfield>
    <subfield code="c">49 Z 345</subfield>
    <subfield code="q">Jg. 51 (2005), H. 1-12</subfield>
    <subfield code="W">2020-11-17 21:29:02</subfield>
    <subfield code="u">E0001</subfield>
    <subfield code="w">E0001</subfield>
  </datafield>
  <datafield tag="ITM" ind1=" " ind2=" ">
    <subfield code="H">22213493510006446</subfield>
    <subfield code="x">E06</subfield>
    <subfield code="f">ISSBD</subfield>
    <subfield code="v">E06</subfield>
    <subfield code="p">30</subfield>
    <subfield code="X">System</subfield>
    <subfield code="U">2007-03-07 10:59:00</subfield>
    <subfield code="Y">2020-11-17 21:30:55</subfield>
    <subfield code="h">false</subfield>
    <subfield code="e">00001</subfield>
    <subfield code="n">49Z345</subfield>
    <subfield code="P">08/d//o</subfield>
    <subfield code="j">1</subfield>
    <subfield code="i">52</subfield>
    <subfield code="k">2006</subfield>
    <subfield code="M">49HBZ_UDE</subfield>
    <subfield code="s">1</subfield>
    <subfield code="d">8</subfield>
    <subfield code="V">import</subfield>
    <subfield code="b">881511-1270</subfield>
    <subfield code="a">23213493470006446</subfield>
    <subfield code="t">p</subfield>
    <subfield code="c">49 Z 345</subfield>
    <subfield code="q">Bd. 52 (2006), H. 1-12</subfield>
    <subfield code="W">2020-11-17 21:29:02</subfield>
    <subfield code="u">E0001</subfield>
    <subfield code="w">E0001</subfield>
  </datafield>
  <datafield tag="ITM" ind1=" " ind2=" ">
    <subfield code="H">22213493510006446</subfield>
    <subfield code="x">E06</subfield>
    <subfield code="f">ISSBD</subfield>
    <subfield code="v">E06</subfield>
    <subfield code="p">30</subfield>
    <subfield code="X">System</subfield>
    <subfield code="U">2005-04-22 10:59:00</subfield>
    <subfield code="Y">2020-11-17 21:30:55</subfield>
    <subfield code="h">false</subfield>
    <subfield code="e">00001</subfield>
    <subfield code="n">49Z345</subfield>
    <subfield code="j">1</subfield>
    <subfield code="i">49</subfield>
    <subfield code="k">2003</subfield>
    <subfield code="M">49HBZ_UDE</subfield>
    <subfield code="s">1</subfield>
    <subfield code="d">8</subfield>
    <subfield code="V">import</subfield>
    <subfield code="L">3 SH=ST: Februar, Juni, November</subfield>
    <subfield code="b">881511-420</subfield>
    <subfield code="a">23213493490006446</subfield>
    <subfield code="t">p</subfield>
    <subfield code="c">49 Z 345</subfield>
    <subfield code="q">Jg. 49 (2003), H. 1-12</subfield>
    <subfield code="W">2020-11-17 21:29:02</subfield>
    <subfield code="u">E0001</subfield>
    <subfield code="w">E0001</subfield>
  </datafield>
  <datafield tag="ITM" ind1=" " ind2=" ">
    <subfield code="H">22213493510006446</subfield>
    <subfield code="x">E06</subfield>
    <subfield code="f">ISSBD</subfield>
    <subfield code="v">E06</subfield>
    <subfield code="p">30</subfield>
    <subfield code="X">System</subfield>
    <subfield code="U">2018-07-13 10:59:00</subfield>
    <subfield code="Y">2020-11-17 21:30:55</subfield>
    <subfield code="h">false</subfield>
    <subfield code="e">00003</subfield>
    <subfield code="n">49Z345</subfield>
    <subfield code="P">08/d//0</subfield>
    <subfield code="j">1</subfield>
    <subfield code="i">63</subfield>
    <subfield code="k">2017</subfield>
    <subfield code="M">49HBZ_UDE</subfield>
    <subfield code="s">1</subfield>
    <subfield code="d">8</subfield>
    <subfield code="V">import</subfield>
    <subfield code="b">881511-2700</subfield>
    <subfield code="a">23213493320006446</subfield>
    <subfield code="t">p</subfield>
    <subfield code="c">49 Z 345</subfield>
    <subfield code="q">Bd. 63 (2017), H. 1-12</subfield>
    <subfield code="W">2020-11-17 21:29:02</subfield>
    <subfield code="u">E0001</subfield>
    <subfield code="w">E0001</subfield>
  </datafield>
  <datafield tag="ITM" ind1=" " ind2=" ">
    <subfield code="H">22213493510006446</subfield>
    <subfield code="x">E06</subfield>
    <subfield code="f">ISSBD</subfield>
    <subfield code="v">E06</subfield>
    <subfield code="p">30</subfield>
    <subfield code="X">System</subfield>
    <subfield code="U">2013-02-18 10:59:00</subfield>
    <subfield code="Y">2020-11-17 21:30:55</subfield>
    <subfield code="h">false</subfield>
    <subfield code="e">00001</subfield>
    <subfield code="n">49Z345</subfield>
    <subfield code="P">08/d//o</subfield>
    <subfield code="j">1</subfield>
    <subfield code="i">58</subfield>
    <subfield code="k">2012</subfield>
    <subfield code="M">49HBZ_UDE</subfield>
    <subfield code="s">1</subfield>
    <subfield code="d">8</subfield>
    <subfield code="V">import</subfield>
    <subfield code="L">o.R.</subfield>
    <subfield code="b">881511-2050</subfield>
    <subfield code="a">23213493410006446</subfield>
    <subfield code="t">p</subfield>
    <subfield code="c">49 Z 345</subfield>
    <subfield code="q">Bd. 58 (2012), H. 1-12</subfield>
    <subfield code="W">2020-11-17 21:29:02</subfield>
    <subfield code="u">E0001</subfield>
    <subfield code="w">E0001</subfield>
  </datafield>
  <datafield tag="ITM" ind1=" " ind2=" ">
    <subfield code="H">22213493180006446</subfield>
    <subfield code="x">D00</subfield>
    <subfield code="f">ISSBD</subfield>
    <subfield code="v">D00</subfield>
    <subfield code="p">30</subfield>
    <subfield code="X">System</subfield>
    <subfield code="U">2001-12-31 10:59:00</subfield>
    <subfield code="Y">2021-04-07 16:08:51</subfield>
    <subfield code="h">false</subfield>
    <subfield code="e">00001</subfield>
    <subfield code="n">49Z214_d</subfield>
    <subfield code="P">07/d//</subfield>
    <subfield code="i">47</subfield>
    <subfield code="k">2001</subfield>
    <subfield code="M">49HBZ_UDE</subfield>
    <subfield code="s">1</subfield>
    <subfield code="d">8</subfield>
    <subfield code="V">import</subfield>
    <subfield code="b">881511-690</subfield>
    <subfield code="a">23213493160006446</subfield>
    <subfield code="t">8</subfield>
    <subfield code="c">49 Z 214</subfield>
    <subfield code="q">2001 47</subfield>
    <subfield code="W">2020-11-17 21:29:02</subfield>
    <subfield code="u">D0001</subfield>
    <subfield code="w">D0001</subfield>
  </datafield>
  <datafield tag="ITM" ind1=" " ind2=" ">
    <subfield code="H">22213493510006446</subfield>
    <subfield code="x">E06</subfield>
    <subfield code="f">ISSBD</subfield>
    <subfield code="v">E06</subfield>
    <subfield code="p">30</subfield>
    <subfield code="X">System</subfield>
    <subfield code="U">2019-01-14 10:59:00</subfield>
    <subfield code="Y">2020-11-17 21:30:55</subfield>
    <subfield code="h">false</subfield>
    <subfield code="e">00003</subfield>
    <subfield code="n">49Z345</subfield>
    <subfield code="P">08/d//0</subfield>
    <subfield code="j">1</subfield>
    <subfield code="i">64</subfield>
    <subfield code="k">2018</subfield>
    <subfield code="M">49HBZ_UDE</subfield>
    <subfield code="s">1</subfield>
    <subfield code="d">8</subfield>
    <subfield code="V">import</subfield>
    <subfield code="b">881511-2830</subfield>
    <subfield code="a">23213493310006446</subfield>
    <subfield code="t">p</subfield>
    <subfield code="c">49 Z 345</subfield>
    <subfield code="q">Bd. 64 (2018)</subfield>
    <subfield code="W">2020-11-17 21:29:02</subfield>
    <subfield code="u">E0001</subfield>
    <subfield code="w">E0001</subfield>
  </datafield>
  <datafield tag="ITM" ind1=" " ind2=" ">
    <subfield code="H">22213493510006446</subfield>
    <subfield code="x">E06</subfield>
    <subfield code="f">ISSBD</subfield>
    <subfield code="v">E06</subfield>
    <subfield code="p">30</subfield>
    <subfield code="X">System</subfield>
    <subfield code="U">2017-01-13 10:59:00</subfield>
    <subfield code="Y">2020-11-17 21:30:55</subfield>
    <subfield code="h">false</subfield>
    <subfield code="e">00003</subfield>
    <subfield code="n">49Z345</subfield>
    <subfield code="P">08/d//0</subfield>
    <subfield code="j">1</subfield>
    <subfield code="i">62</subfield>
    <subfield code="k">2016</subfield>
    <subfield code="M">49HBZ_UDE</subfield>
    <subfield code="s">1</subfield>
    <subfield code="d">8</subfield>
    <subfield code="V">import</subfield>
    <subfield code="b">881511-2570</subfield>
    <subfield code="a">23213493330006446</subfield>
    <subfield code="t">p</subfield>
    <subfield code="c">49 Z 345</subfield>
    <subfield code="q">Bd. 62 (2016), H. 1-12</subfield>
    <subfield code="W">2020-11-17 21:29:02</subfield>
    <subfield code="u">E0001</subfield>
    <subfield code="w">E0001</subfield>
  </datafield>
  <datafield tag="ITM" ind1=" " ind2=" ">
    <subfield code="H">22213493510006446</subfield>
    <subfield code="x">E06</subfield>
    <subfield code="f">ISSBD</subfield>
    <subfield code="v">E06</subfield>
    <subfield code="p">30</subfield>
    <subfield code="X">System</subfield>
    <subfield code="U">2020-01-15 10:59:00</subfield>
    <subfield code="Y">2020-11-17 21:30:55</subfield>
    <subfield code="h">false</subfield>
    <subfield code="e">00003</subfield>
    <subfield code="n">49Z345</subfield>
    <subfield code="P">08/d//0</subfield>
    <subfield code="j">1</subfield>
    <subfield code="i">65</subfield>
    <subfield code="k">2019</subfield>
    <subfield code="M">49HBZ_UDE</subfield>
    <subfield code="s">1</subfield>
    <subfield code="d">8</subfield>
    <subfield code="V">import</subfield>
    <subfield code="b">881511-2960</subfield>
    <subfield code="a">23213493210006446</subfield>
    <subfield code="t">p</subfield>
    <subfield code="c">49 Z 345</subfield>
    <subfield code="q">Bd. 65 (2019), H. 1-12</subfield>
    <subfield code="W">2020-11-17 21:29:02</subfield>
    <subfield code="u">E0001</subfield>
    <subfield code="w">E0001</subfield>
  </datafield>
  <datafield tag="ITM" ind1=" " ind2=" ">
    <subfield code="H">22213493510006446</subfield>
    <subfield code="x">E06</subfield>
    <subfield code="f">ISSBD</subfield>
    <subfield code="v">E06</subfield>
    <subfield code="p">30</subfield>
    <subfield code="X">System</subfield>
    <subfield code="U">2005-04-04 10:59:00</subfield>
    <subfield code="Y">2020-11-17 21:30:55</subfield>
    <subfield code="h">false</subfield>
    <subfield code="e">00001</subfield>
    <subfield code="n">49Z345</subfield>
    <subfield code="P">07/d//o</subfield>
    <subfield code="j">1</subfield>
    <subfield code="i">50</subfield>
    <subfield code="k">2004</subfield>
    <subfield code="M">49HBZ_UDE</subfield>
    <subfield code="s">1</subfield>
    <subfield code="d">8</subfield>
    <subfield code="V">import</subfield>
    <subfield code="L">Reg. in M * ST = Spez. Sept.</subfield>
    <subfield code="b">881511-410</subfield>
    <subfield code="a">23213493500006446</subfield>
    <subfield code="t">p</subfield>
    <subfield code="c">49 Z 345</subfield>
    <subfield code="q">Jg. 50 (2004), H. 1-12</subfield>
    <subfield code="W">2020-11-17 21:29:02</subfield>
    <subfield code="u">E0001</subfield>
    <subfield code="w">E0001</subfield>
  </datafield>
  <datafield tag="ITM" ind1=" " ind2=" ">
    <subfield code="H">22213493510006446</subfield>
    <subfield code="x">E06</subfield>
    <subfield code="f">ISSUE</subfield>
    <subfield code="v">E06</subfield>
    <subfield code="p">39</subfield>
    <subfield code="X">System</subfield>
    <subfield code="U">2020-10-15 10:59:00</subfield>
    <subfield code="Y">2021-02-24 19:03:10</subfield>
    <subfield code="h">false</subfield>
    <subfield code="e">00003</subfield>
    <subfield code="n">49Z345</subfield>
    <subfield code="P">08/d//0</subfield>
    <subfield code="j">10</subfield>
    <subfield code="i">66</subfield>
    <subfield code="k">2020</subfield>
    <subfield code="M">49HBZ_UDE</subfield>
    <subfield code="s">1</subfield>
    <subfield code="d">8</subfield>
    <subfield code="V">import</subfield>
    <subfield code="b">881511-2930</subfield>
    <subfield code="a">23213493220006446</subfield>
    <subfield code="t">p</subfield>
    <subfield code="c">49 Z 345</subfield>
    <subfield code="q">Bd. 66 (2020), H. 10</subfield>
    <subfield code="W">2020-11-17 21:29:02</subfield>
    <subfield code="u">E0001</subfield>
    <subfield code="w">E0001</subfield>
  </datafield>
  <datafield tag="ITM" ind1=" " ind2=" ">
    <subfield code="H">22213493510006446</subfield>
    <subfield code="x">E06</subfield>
    <subfield code="f">ISSUE</subfield>
    <subfield code="v">E06</subfield>
    <subfield code="p">39</subfield>
    <subfield code="X">System</subfield>
    <subfield code="U">2020-09-16 10:59:00</subfield>
    <subfield code="Y">2021-02-24 19:03:07</subfield>
    <subfield code="h">false</subfield>
    <subfield code="e">00003</subfield>
    <subfield code="n">49Z345</subfield>
    <subfield code="P">08/d//0</subfield>
    <subfield code="j">9</subfield>
    <subfield code="i">66</subfield>
    <subfield code="k">2020</subfield>
    <subfield code="M">49HBZ_UDE</subfield>
    <subfield code="s">1</subfield>
    <subfield code="d">8</subfield>
    <subfield code="V">import</subfield>
    <subfield code="b">881511-2920</subfield>
    <subfield code="a">23213493230006446</subfield>
    <subfield code="t">p</subfield>
    <subfield code="c">49 Z 345</subfield>
    <subfield code="q">Bd. 66 (2020), H. 9</subfield>
    <subfield code="W">2020-11-17 21:29:02</subfield>
    <subfield code="u">E0001</subfield>
    <subfield code="w">E0001</subfield>
  </datafield>
  <datafield tag="ITM" ind1=" " ind2=" ">
    <subfield code="H">22213493510006446</subfield>
    <subfield code="x">E06</subfield>
    <subfield code="f">ISSUE</subfield>
    <subfield code="v">E06</subfield>
    <subfield code="p">39</subfield>
    <subfield code="X">System</subfield>
    <subfield code="U">2020-07-16 10:59:00</subfield>
    <subfield code="Y">2021-02-24 19:03:08</subfield>
    <subfield code="h">false</subfield>
    <subfield code="e">00003</subfield>
    <subfield code="n">49Z345</subfield>
    <subfield code="P">08/d//0</subfield>
    <subfield code="j">7</subfield>
    <subfield code="i">66</subfield>
    <subfield code="k">2020</subfield>
    <subfield code="M">49HBZ_UDE</subfield>
    <subfield code="s">1</subfield>
    <subfield code="d">8</subfield>
    <subfield code="V">import</subfield>
    <subfield code="b">881511-2900</subfield>
    <subfield code="a">23213493240006446</subfield>
    <subfield code="t">p</subfield>
    <subfield code="c">49 Z 345</subfield>
    <subfield code="q">Bd. 66 (2020), H. 7/8</subfield>
    <subfield code="W">2020-11-17 21:29:02</subfield>
    <subfield code="u">E0001</subfield>
    <subfield code="w">E0001</subfield>
  </datafield>
  <datafield tag="ITM" ind1=" " ind2=" ">
    <subfield code="H">22213493510006446</subfield>
    <subfield code="x">E06</subfield>
    <subfield code="f">ISSUE</subfield>
    <subfield code="v">E06</subfield>
    <subfield code="p">39</subfield>
    <subfield code="X">System</subfield>
    <subfield code="U">2020-06-17 10:59:00</subfield>
    <subfield code="Y">2021-02-24 19:03:07</subfield>
    <subfield code="h">false</subfield>
    <subfield code="e">00003</subfield>
    <subfield code="n">49Z345</subfield>
    <subfield code="P">08/d//0</subfield>
    <subfield code="j">6</subfield>
    <subfield code="i">66</subfield>
    <subfield code="k">2020</subfield>
    <subfield code="M">49HBZ_UDE</subfield>
    <subfield code="s">1</subfield>
    <subfield code="d">8</subfield>
    <subfield code="V">import</subfield>
    <subfield code="b">881511-2890</subfield>
    <subfield code="a">23213493250006446</subfield>
    <subfield code="t">p</subfield>
    <subfield code="c">49 Z 345</subfield>
    <subfield code="q">Bd. 66 (2020), H. 6</subfield>
    <subfield code="W">2020-11-17 21:29:02</subfield>
    <subfield code="u">E0001</subfield>
    <subfield code="w">E0001</subfield>
  </datafield>
  <datafield tag="ITM" ind1=" " ind2=" ">
    <subfield code="H">22213493510006446</subfield>
    <subfield code="x">E06</subfield>
    <subfield code="f">ISSUE</subfield>
    <subfield code="v">E06</subfield>
    <subfield code="p">39</subfield>
    <subfield code="X">System</subfield>
    <subfield code="U">2020-05-20 10:59:00</subfield>
    <subfield code="Y">2021-02-24 19:03:10</subfield>
    <subfield code="h">false</subfield>
    <subfield code="e">00003</subfield>
    <subfield code="n">49Z345</subfield>
    <subfield code="P">08/d//0</subfield>
    <subfield code="j">5</subfield>
    <subfield code="i">66</subfield>
    <subfield code="k">2020</subfield>
    <subfield code="M">49HBZ_UDE</subfield>
    <subfield code="s">1</subfield>
    <subfield code="d">8</subfield>
    <subfield code="V">import</subfield>
    <subfield code="b">881511-2880</subfield>
    <subfield code="a">23213493260006446</subfield>
    <subfield code="t">p</subfield>
    <subfield code="c">49 Z 345</subfield>
    <subfield code="q">Bd. 66 (2020), H. 5</subfield>
    <subfield code="W">2020-11-17 21:29:02</subfield>
    <subfield code="u">E0001</subfield>
    <subfield code="w">E0001</subfield>
  </datafield>
  <datafield tag="ITM" ind1=" " ind2=" ">
    <subfield code="H">22213493510006446</subfield>
    <subfield code="x">E06</subfield>
    <subfield code="f">ISSUE</subfield>
    <subfield code="v">E06</subfield>
    <subfield code="p">39</subfield>
    <subfield code="X">System</subfield>
    <subfield code="U">2020-04-20 10:59:00</subfield>
    <subfield code="Y">2021-02-24 19:03:07</subfield>
    <subfield code="h">false</subfield>
    <subfield code="e">00003</subfield>
    <subfield code="n">49Z345</subfield>
    <subfield code="P">08/d//0</subfield>
    <subfield code="j">4</subfield>
    <subfield code="i">66</subfield>
    <subfield code="k">2020</subfield>
    <subfield code="M">49HBZ_UDE</subfield>
    <subfield code="s">1</subfield>
    <subfield code="d">8</subfield>
    <subfield code="V">import</subfield>
    <subfield code="b">881511-2870</subfield>
    <subfield code="a">23213493270006446</subfield>
    <subfield code="t">p</subfield>
    <subfield code="c">49 Z 345</subfield>
    <subfield code="q">Bd. 66 (2020), H. 4</subfield>
    <subfield code="W">2020-11-17 21:29:02</subfield>
    <subfield code="u">E0001</subfield>
    <subfield code="w">E0001</subfield>
  </datafield>
  <datafield tag="ITM" ind1=" " ind2=" ">
    <subfield code="H">22213493510006446</subfield>
    <subfield code="x">E06</subfield>
    <subfield code="f">ISSBD</subfield>
    <subfield code="v">E06</subfield>
    <subfield code="p">30</subfield>
    <subfield code="X">System</subfield>
    <subfield code="U">2010-07-15 10:59:00</subfield>
    <subfield code="Y">2020-11-17 21:30:55</subfield>
    <subfield code="h">false</subfield>
    <subfield code="e">00001</subfield>
    <subfield code="n">49Z345</subfield>
    <subfield code="P">08/d//o</subfield>
    <subfield code="j">1</subfield>
    <subfield code="i">55</subfield>
    <subfield code="k">2009</subfield>
    <subfield code="M">49HBZ_UDE</subfield>
    <subfield code="s">1</subfield>
    <subfield code="d">8</subfield>
    <subfield code="V">import</subfield>
    <subfield code="b">881511-1660</subfield>
    <subfield code="a">23213493440006446</subfield>
    <subfield code="t">p</subfield>
    <subfield code="c">49 Z 345</subfield>
    <subfield code="q">Bd. 55 (2009), H. 1-12</subfield>
    <subfield code="W">2020-11-17 21:29:02</subfield>
    <subfield code="u">E0001</subfield>
    <subfield code="w">E0001</subfield>
  </datafield>
  <datafield tag="ITM" ind1=" " ind2=" ">
    <subfield code="H">22213493510006446</subfield>
    <subfield code="x">E06</subfield>
    <subfield code="f">ISSBD</subfield>
    <subfield code="v">E06</subfield>
    <subfield code="p">30</subfield>
    <subfield code="X">System</subfield>
    <subfield code="U">2016-01-13 10:59:00</subfield>
    <subfield code="Y">2020-11-17 21:30:55</subfield>
    <subfield code="h">false</subfield>
    <subfield code="e">00003</subfield>
    <subfield code="n">49Z345</subfield>
    <subfield code="P">08/d//0</subfield>
    <subfield code="j">1</subfield>
    <subfield code="i">61</subfield>
    <subfield code="k">2015</subfield>
    <subfield code="M">49HBZ_UDE</subfield>
    <subfield code="s">1</subfield>
    <subfield code="d">8</subfield>
    <subfield code="V">import</subfield>
    <subfield code="b">881511-2440</subfield>
    <subfield code="a">23213493350006446</subfield>
    <subfield code="t">p</subfield>
    <subfield code="c">49 Z 345</subfield>
    <subfield code="q">Bd. 61 (2015), H. 1-12</subfield>
    <subfield code="W">2020-11-17 21:29:02</subfield>
    <subfield code="u">E0001</subfield>
    <subfield code="w">E0001</subfield>
  </datafield>
  <datafield tag="ITM" ind1=" " ind2=" ">
    <subfield code="H">22213493510006446</subfield>
    <subfield code="x">E06</subfield>
    <subfield code="f">ISSBD</subfield>
    <subfield code="v">E06</subfield>
    <subfield code="p">30</subfield>
    <subfield code="X">System</subfield>
    <subfield code="U">2011-03-18 10:59:00</subfield>
    <subfield code="Y">2020-11-17 21:30:55</subfield>
    <subfield code="h">false</subfield>
    <subfield code="e">00001</subfield>
    <subfield code="n">49Z345</subfield>
    <subfield code="P">08/d//o</subfield>
    <subfield code="j">1</subfield>
    <subfield code="i">56</subfield>
    <subfield code="k">2010</subfield>
    <subfield code="M">49HBZ_UDE</subfield>
    <subfield code="s">1</subfield>
    <subfield code="d">8</subfield>
    <subfield code="V">import</subfield>
    <subfield code="b">881511-1790</subfield>
    <subfield code="a">23213493430006446</subfield>
    <subfield code="t">p</subfield>
    <subfield code="c">49 Z 345</subfield>
    <subfield code="q">Bd. 56 (2010), H. 1-12</subfield>
    <subfield code="W">2020-11-17 21:29:02</subfield>
    <subfield code="u">E0001</subfield>
    <subfield code="w">E0001</subfield>
  </datafield>
  <datafield tag="ITM" ind1=" " ind2=" ">
    <subfield code="H">22213493510006446</subfield>
    <subfield code="x">E06</subfield>
    <subfield code="f">ISSBD</subfield>
    <subfield code="v">E06</subfield>
    <subfield code="p">30</subfield>
    <subfield code="X">System</subfield>
    <subfield code="U">2010-06-25 10:59:00</subfield>
    <subfield code="Y">2020-11-17 21:30:55</subfield>
    <subfield code="h">false</subfield>
    <subfield code="e">00001</subfield>
    <subfield code="n">49Z345</subfield>
    <subfield code="P">08/d//o</subfield>
    <subfield code="j">1</subfield>
    <subfield code="i">54</subfield>
    <subfield code="k">2008</subfield>
    <subfield code="M">49HBZ_UDE</subfield>
    <subfield code="s">1</subfield>
    <subfield code="d">8</subfield>
    <subfield code="V">import</subfield>
    <subfield code="L">o.R.</subfield>
    <subfield code="b">881511-1650</subfield>
    <subfield code="a">23213493450006446</subfield>
    <subfield code="t">p</subfield>
    <subfield code="c">49 Z 345</subfield>
    <subfield code="q">Bd. 54 (2008), H. 1-12</subfield>
    <subfield code="W">2020-11-17 21:29:02</subfield>
    <subfield code="u">E0001</subfield>
    <subfield code="w">E0001</subfield>
  </datafield>
  <datafield tag="ITM" ind1=" " ind2=" ">
    <subfield code="H">22213493510006446</subfield>
    <subfield code="x">E06</subfield>
    <subfield code="f">ISSUE</subfield>
    <subfield code="v">E06</subfield>
    <subfield code="p">39</subfield>
    <subfield code="X">System</subfield>
    <subfield code="U">2020-01-13 10:59:00</subfield>
    <subfield code="Y">2021-02-24 19:03:07</subfield>
    <subfield code="h">false</subfield>
    <subfield code="e">00003</subfield>
    <subfield code="n">49Z345</subfield>
    <subfield code="P">08/d//0</subfield>
    <subfield code="j">1</subfield>
    <subfield code="i">66</subfield>
    <subfield code="k">2020</subfield>
    <subfield code="M">49HBZ_UDE</subfield>
    <subfield code="s">1</subfield>
    <subfield code="d">8</subfield>
    <subfield code="V">import</subfield>
    <subfield code="b">881511-2840</subfield>
    <subfield code="a">23213493300006446</subfield>
    <subfield code="t">p</subfield>
    <subfield code="c">49 Z 345</subfield>
    <subfield code="q">Bd. 66 (2020), H. 1</subfield>
    <subfield code="W">2020-11-17 21:29:02</subfield>
    <subfield code="u">E0001</subfield>
    <subfield code="w">E0001</subfield>
  </datafield>
  <datafield tag="ITM" ind1=" " ind2=" ">
    <subfield code="H">22213493510006446</subfield>
    <subfield code="x">E06</subfield>
    <subfield code="f">ISSBD</subfield>
    <subfield code="v">E06</subfield>
    <subfield code="p">30</subfield>
    <subfield code="X">System</subfield>
    <subfield code="U">2008-06-03 10:59:00</subfield>
    <subfield code="Y">2020-11-17 21:30:55</subfield>
    <subfield code="h">false</subfield>
    <subfield code="e">00001</subfield>
    <subfield code="n">49Z345</subfield>
    <subfield code="P">08/d//o</subfield>
    <subfield code="j">1</subfield>
    <subfield code="i">53</subfield>
    <subfield code="k">2007</subfield>
    <subfield code="M">49HBZ_UDE</subfield>
    <subfield code="s">1</subfield>
    <subfield code="d">8</subfield>
    <subfield code="V">import</subfield>
    <subfield code="b">881511-1400</subfield>
    <subfield code="a">23213493460006446</subfield>
    <subfield code="t">p</subfield>
    <subfield code="c">49 Z 345</subfield>
    <subfield code="q">Bd. 53 (2007), H. 1-12</subfield>
    <subfield code="W">2020-11-17 21:29:02</subfield>
    <subfield code="u">E0001</subfield>
    <subfield code="w">E0001</subfield>
  </datafield>
  <datafield tag="ITM" ind1=" " ind2=" ">
    <subfield code="H">22213493510006446</subfield>
    <subfield code="x">E06</subfield>
    <subfield code="f">ISSBD</subfield>
    <subfield code="v">E06</subfield>
    <subfield code="p">30</subfield>
    <subfield code="X">System</subfield>
    <subfield code="U">2015-02-18 10:59:00</subfield>
    <subfield code="Y">2020-11-17 21:30:55</subfield>
    <subfield code="h">false</subfield>
    <subfield code="e">00003</subfield>
    <subfield code="n">49Z345</subfield>
    <subfield code="P">08/d//0</subfield>
    <subfield code="j">1</subfield>
    <subfield code="i">60</subfield>
    <subfield code="k">2014</subfield>
    <subfield code="M">49HBZ_UDE</subfield>
    <subfield code="s">1</subfield>
    <subfield code="d">8</subfield>
    <subfield code="V">import</subfield>
    <subfield code="b">881511-2310</subfield>
    <subfield code="a">23213493370006446</subfield>
    <subfield code="t">p</subfield>
    <subfield code="c">49 Z 345</subfield>
    <subfield code="q">Bd. 60 (2014), H. 1-12</subfield>
    <subfield code="W">2020-11-17 21:29:02</subfield>
    <subfield code="u">E0001</subfield>
    <subfield code="w">E0001</subfield>
  </datafield>
  <datafield tag="ITM" ind1=" " ind2=" ">
    <subfield code="H">22213493510006446</subfield>
    <subfield code="x">E06</subfield>
    <subfield code="f">ISSBD</subfield>
    <subfield code="v">E06</subfield>
    <subfield code="p">30</subfield>
    <subfield code="X">System</subfield>
    <subfield code="U">2014-02-11 10:59:00</subfield>
    <subfield code="Y">2020-11-17 21:30:55</subfield>
    <subfield code="h">false</subfield>
    <subfield code="e">00003</subfield>
    <subfield code="n">49Z345</subfield>
    <subfield code="P">08/d//0</subfield>
    <subfield code="j">1</subfield>
    <subfield code="i">59</subfield>
    <subfield code="k">2013</subfield>
    <subfield code="M">49HBZ_UDE</subfield>
    <subfield code="s">1</subfield>
    <subfield code="d">8</subfield>
    <subfield code="V">import</subfield>
    <subfield code="b">881511-2180</subfield>
    <subfield code="a">23213493380006446</subfield>
    <subfield code="t">p</subfield>
    <subfield code="c">49 Z 345</subfield>
    <subfield code="q">Bd. 59 (2013), H. 1-12</subfield>
    <subfield code="W">2020-11-17 21:29:02</subfield>
    <subfield code="u">E0001</subfield>
    <subfield code="w">E0001</subfield>
  </datafield>
  <datafield tag="ITM" ind1=" " ind2=" ">
    <subfield code="H">22213493510006446</subfield>
    <subfield code="x">E06</subfield>
    <subfield code="f">ISSBD</subfield>
    <subfield code="v">E06</subfield>
    <subfield code="p">30</subfield>
    <subfield code="X">System</subfield>
    <subfield code="U">2012-02-16 10:59:00</subfield>
    <subfield code="Y">2020-11-17 21:30:55</subfield>
    <subfield code="h">false</subfield>
    <subfield code="e">00001</subfield>
    <subfield code="n">49Z345</subfield>
    <subfield code="P">08/d//o</subfield>
    <subfield code="j">1</subfield>
    <subfield code="i">57</subfield>
    <subfield code="k">2011</subfield>
    <subfield code="M">49HBZ_UDE</subfield>
    <subfield code="s">1</subfield>
    <subfield code="d">8</subfield>
    <subfield code="V">import</subfield>
    <subfield code="b">881511-1920</subfield>
    <subfield code="a">23213493420006446</subfield>
    <subfield code="t">p</subfield>
    <subfield code="c">49 Z 345</subfield>
    <subfield code="q">Bd. 57 (2011), H. 1-12</subfield>
    <subfield code="W">2020-11-17 21:29:02</subfield>
    <subfield code="u">E0001</subfield>
    <subfield code="w">E0001</subfield>
  </datafield>
  <datafield tag="ITM" ind1=" " ind2=" ">
    <subfield code="H">22213493510006446</subfield>
    <subfield code="x">E06</subfield>
    <subfield code="f">ISSUE</subfield>
    <subfield code="v">E06</subfield>
    <subfield code="p">39</subfield>
    <subfield code="X">System</subfield>
    <subfield code="U">2020-02-14 10:59:00</subfield>
    <subfield code="Y">2021-02-24 19:03:07</subfield>
    <subfield code="h">false</subfield>
    <subfield code="e">00003</subfield>
    <subfield code="n">49Z345</subfield>
    <subfield code="P">08/d//0</subfield>
    <subfield code="j">2</subfield>
    <subfield code="i">66</subfield>
    <subfield code="k">2020</subfield>
    <subfield code="M">49HBZ_UDE</subfield>
    <subfield code="s">1</subfield>
    <subfield code="d">8</subfield>
    <subfield code="V">import</subfield>
    <subfield code="b">881511-2850</subfield>
    <subfield code="a">23213493290006446</subfield>
    <subfield code="t">p</subfield>
    <subfield code="c">49 Z 345</subfield>
    <subfield code="q">Bd. 66 (2020), H. 2</subfield>
    <subfield code="W">2020-11-17 21:29:02</subfield>
    <subfield code="u">E0001</subfield>
    <subfield code="w">E0001</subfield>
  </datafield>
  <datafield tag="ITM" ind1=" " ind2=" ">
    <subfield code="H">22213493510006446</subfield>
    <subfield code="x">E06</subfield>
    <subfield code="f">ISSUE</subfield>
    <subfield code="v">E06</subfield>
    <subfield code="p">39</subfield>
    <subfield code="X">System</subfield>
    <subfield code="U">2020-03-16 10:59:00</subfield>
    <subfield code="Y">2021-02-24 19:03:08</subfield>
    <subfield code="h">false</subfield>
    <subfield code="e">00003</subfield>
    <subfield code="n">49Z345</subfield>
    <subfield code="P">08/d//0</subfield>
    <subfield code="j">3</subfield>
    <subfield code="i">66</subfield>
    <subfield code="k">2020</subfield>
    <subfield code="M">49HBZ_UDE</subfield>
    <subfield code="s">1</subfield>
    <subfield code="d">8</subfield>
    <subfield code="V">import</subfield>
    <subfield code="b">881511-2860</subfield>
    <subfield code="a">23213493280006446</subfield>
    <subfield code="t">p</subfield>
    <subfield code="c">49 Z 345</subfield>
    <subfield code="q">Bd. 66 (2020), H. 3</subfield>
    <subfield code="W">2020-11-17 21:29:02</subfield>
    <subfield code="u">E0001</subfield>
    <subfield code="w">E0001</subfield>
  </datafield>
  <datafield tag="ITM" ind1=" " ind2=" ">
    <subfield code="H">22213493510006446</subfield>
    <subfield code="x">E06</subfield>
    <subfield code="f">ISSUE</subfield>
    <subfield code="v">E06</subfield>
    <subfield code="p">39</subfield>
    <subfield code="X">System</subfield>
    <subfield code="Y">2021-02-24 19:03:10</subfield>
    <subfield code="h">false</subfield>
    <subfield code="e">00003</subfield>
    <subfield code="n">49Z345</subfield>
    <subfield code="P">08/d//0</subfield>
    <subfield code="j">12</subfield>
    <subfield code="i">66</subfield>
    <subfield code="k">2020</subfield>
    <subfield code="M">49HBZ_UDE</subfield>
    <subfield code="s">0</subfield>
    <subfield code="d">8</subfield>
    <subfield code="V">import</subfield>
    <subfield code="b">881511-2950</subfield>
    <subfield code="O">Process Status: BP</subfield>
    <subfield code="a">23213493190006446</subfield>
    <subfield code="t">p</subfield>
    <subfield code="c">49 Z 345</subfield>
    <subfield code="r">ACQ</subfield>
    <subfield code="S">ZA-12-104</subfield>
    <subfield code="q">Bd. 66 (2020), H. 12</subfield>
    <subfield code="W">2020-11-17 21:29:02</subfield>
    <subfield code="u">E0001</subfield>
    <subfield code="w">E0001</subfield>
  </datafield>
  <datafield tag="ITM" ind1=" " ind2=" ">
    <subfield code="H">22213493510006446</subfield>
    <subfield code="x">E06</subfield>
    <subfield code="f">ISSUE</subfield>
    <subfield code="v">E06</subfield>
    <subfield code="p">39</subfield>
    <subfield code="X">System</subfield>
    <subfield code="Y">2021-02-24 19:03:08</subfield>
    <subfield code="h">false</subfield>
    <subfield code="e">00003</subfield>
    <subfield code="n">49Z345</subfield>
    <subfield code="P">08/d//0</subfield>
    <subfield code="j">11</subfield>
    <subfield code="i">66</subfield>
    <subfield code="k">2020</subfield>
    <subfield code="M">49HBZ_UDE</subfield>
    <subfield code="s">0</subfield>
    <subfield code="d">8</subfield>
    <subfield code="V">import</subfield>
    <subfield code="b">881511-2940</subfield>
    <subfield code="O">Process Status: BP</subfield>
    <subfield code="a">23213493200006446</subfield>
    <subfield code="t">p</subfield>
    <subfield code="c">49 Z 345</subfield>
    <subfield code="r">ACQ</subfield>
    <subfield code="S">ZA-12-104</subfield>
    <subfield code="q">Bd. 66 (2020), H. 11</subfield>
    <subfield code="W">2020-11-17 21:29:02</subfield>
    <subfield code="u">E0001</subfield>
    <subfield code="w">E0001</subfield>
  </datafield>
  <datafield tag="ITM" ind1=" " ind2=" ">
    <subfield code="H">22213493180006446</subfield>
    <subfield code="x">D00</subfield>
    <subfield code="f">ISSBD</subfield>
    <subfield code="v">D00</subfield>
    <subfield code="p">30</subfield>
    <subfield code="X">System</subfield>
    <subfield code="U">2005-01-25 10:59:00</subfield>
    <subfield code="Y">2021-04-07 16:08:53</subfield>
    <subfield code="h">false</subfield>
    <subfield code="e">00001</subfield>
    <subfield code="n">49Z214_d</subfield>
    <subfield code="P">07/d//</subfield>
    <subfield code="j">1-12</subfield>
    <subfield code="i">51</subfield>
    <subfield code="k">2005</subfield>
    <subfield code="M">49HBZ_UDE</subfield>
    <subfield code="s">1</subfield>
    <subfield code="d">8</subfield>
    <subfield code="V">import</subfield>
    <subfield code="F">+CD=MS(zu H.2); damit abbest.</subfield>
    <subfield code="L">Sonderh. generell an Frau Schmidt, Swets schicken#ab 2002:oR##Bubi-T-eilt#</subfield>
    <subfield code="b">881511-1130</subfield>
    <subfield code="a">23213493110006446</subfield>
    <subfield code="t">8</subfield>
    <subfield code="c">49 Z 214</subfield>
    <subfield code="q">Jg. 51 (2005)</subfield>
    <subfield code="W">2020-11-17 21:29:02</subfield>
    <subfield code="u">D0001</subfield>
    <subfield code="w">D0001</subfield>
  </datafield>
  <datafield tag="ITM" ind1=" " ind2=" ">
    <subfield code="H">22213493180006446</subfield>
    <subfield code="x">D00</subfield>
    <subfield code="f">ISSBD</subfield>
    <subfield code="v">D00</subfield>
    <subfield code="p">30</subfield>
    <subfield code="X">System</subfield>
    <subfield code="U">2004-02-24 10:59:00</subfield>
    <subfield code="Y">2021-04-07 16:08:51</subfield>
    <subfield code="h">false</subfield>
    <subfield code="e">00001</subfield>
    <subfield code="n">49Z214_d</subfield>
    <subfield code="P">07/d//</subfield>
    <subfield code="i">50</subfield>
    <subfield code="k">2004</subfield>
    <subfield code="M">49HBZ_UDE</subfield>
    <subfield code="s">1</subfield>
    <subfield code="d">8</subfield>
    <subfield code="V">import</subfield>
    <subfield code="b">881511-890</subfield>
    <subfield code="a">23213493120006446</subfield>
    <subfield code="t">8</subfield>
    <subfield code="c">49 Z 214</subfield>
    <subfield code="q">2004 50</subfield>
    <subfield code="W">2020-11-17 21:29:02</subfield>
    <subfield code="u">D0001</subfield>
    <subfield code="w">D0001</subfield>
  </datafield>
  <datafield tag="ITM" ind1=" " ind2=" ">
    <subfield code="H">22213493180006446</subfield>
    <subfield code="x">D00</subfield>
    <subfield code="f">ISSBD</subfield>
    <subfield code="v">D00</subfield>
    <subfield code="p">30</subfield>
    <subfield code="X">System</subfield>
    <subfield code="U">2001-01-01 10:59:00</subfield>
    <subfield code="Y">2021-04-07 16:08:50</subfield>
    <subfield code="h">false</subfield>
    <subfield code="e">00001</subfield>
    <subfield code="n">49Z214_d</subfield>
    <subfield code="i">46</subfield>
    <subfield code="k">2000</subfield>
    <subfield code="M">49HBZ_UDE</subfield>
    <subfield code="s">1</subfield>
    <subfield code="d">8</subfield>
    <subfield code="V">import</subfield>
    <subfield code="b">881511-680</subfield>
    <subfield code="a">23213493170006446</subfield>
    <subfield code="t">8</subfield>
    <subfield code="c">49 Z 214</subfield>
    <subfield code="q">2000 46</subfield>
    <subfield code="W">2020-11-17 21:29:02</subfield>
    <subfield code="u">D0001</subfield>
    <subfield code="w">D0001</subfield>
  </datafield>
  <datafield tag="ITM" ind1=" " ind2=" ">
    <subfield code="H">22213493180006446</subfield>
    <subfield code="x">D00</subfield>
    <subfield code="f">ISSBD</subfield>
    <subfield code="v">D00</subfield>
    <subfield code="p">30</subfield>
    <subfield code="X">System</subfield>
    <subfield code="U">2003-05-28 10:59:00</subfield>
    <subfield code="Y">2021-04-07 16:08:50</subfield>
    <subfield code="h">false</subfield>
    <subfield code="e">00001</subfield>
    <subfield code="n">49Z214_d</subfield>
    <subfield code="i">49</subfield>
    <subfield code="k">2003</subfield>
    <subfield code="M">49HBZ_UDE</subfield>
    <subfield code="s">1</subfield>
    <subfield code="d">8</subfield>
    <subfield code="V">import</subfield>
    <subfield code="b">881511-790</subfield>
    <subfield code="a">23213493130006446</subfield>
    <subfield code="t">8</subfield>
    <subfield code="c">49 Z 214</subfield>
    <subfield code="q">2003 49</subfield>
    <subfield code="W">2020-11-17 21:29:02</subfield>
    <subfield code="u">D0001</subfield>
    <subfield code="w">D0001</subfield>
  </datafield>
  <datafield tag="ITM" ind1=" " ind2=" ">
    <subfield code="H">22213493180006446</subfield>
    <subfield code="x">D00</subfield>
    <subfield code="f">ISSBD</subfield>
    <subfield code="v">D00</subfield>
    <subfield code="p">30</subfield>
    <subfield code="X">System</subfield>
    <subfield code="U">2002-01-22 10:59:00</subfield>
    <subfield code="Y">2021-04-07 16:08:51</subfield>
    <subfield code="h">false</subfield>
    <subfield code="e">00001</subfield>
    <subfield code="n">49Z214_d</subfield>
    <subfield code="i">48</subfield>
    <subfield code="k">2002</subfield>
    <subfield code="M">49HBZ_UDE</subfield>
    <subfield code="s">1</subfield>
    <subfield code="d">8</subfield>
    <subfield code="V">import</subfield>
    <subfield code="b">881511-700</subfield>
    <subfield code="a">23213493140006446</subfield>
    <subfield code="t">8</subfield>
    <subfield code="c">49 Z 214</subfield>
    <subfield code="q">2002 48</subfield>
    <subfield code="W">2020-11-17 21:29:02</subfield>
    <subfield code="u">D0001</subfield>
    <subfield code="w">D0001</subfield>
  </datafield>
  <datafield tag="GST" ind1=" " ind2=" ">
    <subfield code="a">Betrieb</subfield>
    <subfield code="x">Rechnungswesen</subfield>
    <subfield code="A">GND</subfield>
    <subfield code="B">GND-040487326</subfield>
    <subfield code="C">450</subfield>
  </datafield>
  <datafield tag="GST" ind1=" " ind2=" ">
    <subfield code="a">Betriebliches Rechnungswesen</subfield>
    <subfield code="A">GND</subfield>
    <subfield code="B">GND-040487326</subfield>
    <subfield code="C">450</subfield>
  </datafield>
  <datafield tag="GST" ind1=" " ind2=" ">
    <subfield code="a">Betriebswirtschaftliches Rechnungswesen</subfield>
    <subfield code="A">GND</subfield>
    <subfield code="B">GND-040487326</subfield>
    <subfield code="C">450</subfield>
  </datafield>
  <datafield tag="GST" ind1=" " ind2=" ">
    <subfield code="a">Rechnungswesen</subfield>
    <subfield code="x">Betrieb</subfield>
    <subfield code="A">GND</subfield>
    <subfield code="B">GND-040487326</subfield>
    <subfield code="C">450</subfield>
  </datafield>
  <datafield tag="GST" ind1=" " ind2=" ">
    <subfield code="a">Rechnungswesen</subfield>
    <subfield code="x">Unternehmen</subfield>
    <subfield code="A">GND</subfield>
    <subfield code="B">GND-040487326</subfield>
    <subfield code="C">450</subfield>
  </datafield>
  <datafield tag="GST" ind1=" " ind2=" ">
    <subfield code="a">Internes Rechnungswesen</subfield>
    <subfield code="A">GND</subfield>
    <subfield code="B">GND-040487326</subfield>
    <subfield code="C">450</subfield>
  </datafield>
  <datafield tag="GSI" ind1="7" ind2=" ">
    <subfield code="a">http://d-nb.info/gnd/4048732-5</subfield>
    <subfield code="2">uri</subfield>
    <subfield code="A">GND</subfield>
    <subfield code="B">GND-040487326</subfield>
    <subfield code="C">024</subfield>
  </datafield>
  <datafield tag="GST" ind1=" " ind2=" ">
    <subfield code="a">Periodikum</subfield>
    <subfield code="A">GND</subfield>
    <subfield code="B">GND-040674886</subfield>
    <subfield code="C">450</subfield>
  </datafield>
  <datafield tag="GST" ind1=" " ind2=" ">
    <subfield code="a">Zeitschriften</subfield>
    <subfield code="A">GND</subfield>
    <subfield code="B">GND-040674886</subfield>
    <subfield code="C">450</subfield>
  </datafield>
  <datafield tag="GSI" ind1="7" ind2=" ">
    <subfield code="a">http://d-nb.info/gnd/4067488-5</subfield>
    <subfield code="2">uri</subfield>
    <subfield code="A">GND</subfield>
    <subfield code="B">GND-040674886</subfield>
    <subfield code="C">024</subfield>
  </datafield>
  <datafield tag="GST" ind1=" " ind2=" ">
    <subfield code="a">Betrieb</subfield>
    <subfield code="x">Rechnungswesen</subfield>
    <subfield code="A">GND</subfield>
    <subfield code="B">GND-040487326</subfield>
    <subfield code="C">450</subfield>
  </datafield>
  <datafield tag="GST" ind1=" " ind2=" ">
    <subfield code="a">Betriebliches Rechnungswesen</subfield>
    <subfield code="A">GND</subfield>
    <subfield code="B">GND-040487326</subfield>
    <subfield code="C">450</subfield>
  </datafield>
  <datafield tag="GST" ind1=" " ind2=" ">
    <subfield code="a">Betriebswirtschaftliches Rechnungswesen</subfield>
    <subfield code="A">GND</subfield>
    <subfield code="B">GND-040487326</subfield>
    <subfield code="C">450</subfield>
  </datafield>
  <datafield tag="GST" ind1=" " ind2=" ">
    <subfield code="a">Rechnungswesen</subfield>
    <subfield code="x">Betrieb</subfield>
    <subfield code="A">GND</subfield>
    <subfield code="B">GND-040487326</subfield>
    <subfield code="C">450</subfield>
  </datafield>
  <datafield tag="GST" ind1=" " ind2=" ">
    <subfield code="a">Rechnungswesen</subfield>
    <subfield code="x">Unternehmen</subfield>
    <subfield code="A">GND</subfield>
    <subfield code="B">GND-040487326</subfield>
    <subfield code="C">450</subfield>
  </datafield>
  <datafield tag="GST" ind1=" " ind2=" ">
    <subfield code="a">Internes Rechnungswesen</subfield>
    <subfield code="A">GND</subfield>
    <subfield code="B">GND-040487326</subfield>
    <subfield code="C">450</subfield>
  </datafield>
  <datafield tag="GSI" ind1="7" ind2=" ">
    <subfield code="a">http://d-nb.info/gnd/4048732-5</subfield>
    <subfield code="2">uri</subfield>
    <subfield code="A">GND</subfield>
    <subfield code="B">GND-040487326</subfield>
    <subfield code="C">024</subfield>
  </datafield>
  <datafield tag="GST" ind1=" " ind2=" ">
    <subfield code="a">Buchhaltung</subfield>
    <subfield code="A">GND</subfield>
    <subfield code="B">GND-040086194</subfield>
    <subfield code="C">450</subfield>
  </datafield>
  <datafield tag="GST" ind1=" " ind2=" ">
    <subfield code="a">Kaufma&#776;nnische Buchfu&#776;hrung</subfield>
    <subfield code="A">GND</subfield>
    <subfield code="B">GND-040086194</subfield>
    <subfield code="C">450</subfield>
  </datafield>
  <datafield tag="GSI" ind1="7" ind2=" ">
    <subfield code="a">http://d-nb.info/gnd/4008619-7</subfield>
    <subfield code="2">uri</subfield>
    <subfield code="A">GND</subfield>
    <subfield code="B">GND-040086194</subfield>
    <subfield code="C">024</subfield>
  </datafield>
  <datafield tag="GST" ind1=" " ind2=" ">
    <subfield code="a">Bilanzierung</subfield>
    <subfield code="A">GND</subfield>
    <subfield code="B">GND-040065669</subfield>
    <subfield code="C">450</subfield>
  </datafield>
  <datafield tag="GST" ind1=" " ind2=" ">
    <subfield code="a">Unternehmensbilanz</subfield>
    <subfield code="A">GND</subfield>
    <subfield code="B">GND-040065669</subfield>
    <subfield code="C">450</subfield>
  </datafield>
  <datafield tag="GSI" ind1="7" ind2=" ">
    <subfield code="a">http://d-nb.info/gnd/4006566-2</subfield>
    <subfield code="2">uri</subfield>
    <subfield code="A">GND</subfield>
    <subfield code="B">GND-040065669</subfield>
    <subfield code="C">024</subfield>
  </datafield>
  <datafield tag="GST" ind1=" " ind2=" ">
    <subfield code="a">Periodikum</subfield>
    <subfield code="A">GND-CONTENT</subfield>
    <subfield code="B">GND-040674886</subfield>
    <subfield code="C">450</subfield>
  </datafield>
  <datafield tag="GST" ind1=" " ind2=" ">
    <subfield code="a">Zeitschriften</subfield>
    <subfield code="A">GND-CONTENT</subfield>
    <subfield code="B">GND-040674886</subfield>
    <subfield code="C">450</subfield>
  </datafield>
  <datafield tag="GSI" ind1="7" ind2=" ">
    <subfield code="a">http://d-nb.info/gnd/4067488-5</subfield>
    <subfield code="2">uri</subfield>
    <subfield code="A">GND-CONTENT</subfield>
    <subfield code="B">GND-040674886</subfield>
    <subfield code="C">024</subfield>
  </datafield>
</record>